
@ARTICLE{parsons10,
   author = {{Parsons}, A.~R. and {Backer}, D.~C. and {Foster}, G.~S. and 
	{Wright}, M.~C.~H. and {Bradley}, R.~F. and {Gugliucci}, N.~E. and 
	{Parashare}, C.~R. and {Benoit}, E.~E. and {Aguirre}, J.~E. and 
	{Jacobs}, D.~C. and {Carilli}, C.~L. and {Herne}, D. and {Lynch}, M.~J. and 
	{Manley}, J.~R. and {Werthimer}, D.~J.},
    title = "{The Precision Array for Probing the Epoch of Re-ionization: Eight Station Results}",
  journal = {\aj},
archivePrefix = "arXiv",
   eprint = {0904.2334},
 keywords = {cosmology: observations, instrumentation: interferometers, radio continuum: general, techniques: interferometric, site testing, telescopes},
     year = 2010,
    month = apr,
   volume = 139,
    pages = {1468-1480},
      doi = {10.1088/0004-6256/139/4/1468},
   adsurl = {http://adsabs.harvard.edu/abs/2010AJ....139.1468P},
  adsnote = {Provided by the SAO/NASA Astrophysics Data System}
}

@article{parsons14,
  author={Aaron R. Parsons and Adrian Liu and James E. Aguirre and Zaki S. Ali and Richard F. Bradley and Chris L. Carilli and David
R. DeBoer and Matthew R. Dexter and Nicole E. Gugliucci and Daniel C. Jacobs and Pat Klima and David H. E.
MacMahon and Jason R. Manley and David F. Moore and Jonathan C. Pober and Irina I. Stefan and William P. Walbrugh},
  title={New Limits on 21 cm Epoch of Reionization from PAPER-32 Consistent with an X-Ray Heated Intergalactic Medium at z = 7.7},
  journal={The Astrophysical Journal},
  volume={788},
  number={2},
  pages={106},
  url={http://stacks.iop.org/0004-637X/788/i=2/a=106},
  year={2014}
}
@ARTICLE{mao08,
   author = {{Mao}, Y. and {Tegmark}, M. and {McQuinn}, M. and {Zaldarriaga}, M. and 
	{Zahn}, O.},
    title = "{How accurately can 21cm tomography constrain cosmology?}",
  journal = {\prd},
archivePrefix = "arXiv",
   eprint = {0802.1710},
 keywords = {Observational cosmology, HI regions and 21-cm lines, diffuse translucent and high-velocity clouds},
     year = 2008,
    month = jul,
   volume = 78,
   number = 2,
      eid = {023529},
    pages = {023529},
      doi = {10.1103/PhysRevD.78.023529},
   adsurl = {http://adsabs.harvard.edu/abs/2008PhRvD..78b3529M},
  adsnote = {Provided by the SAO/NASA Astrophysics Data System}
}
@ARTICLE{liu15a,
   author = {{Liu}, A. and {Pritchard}, J.~R. and {Allison}, R. and {Parsons}, A.~R. and 
	{Seljak}, U. and {Sherwin}, B.~D.},
    title = "{Eliminating the optical depth nuisance from the CMB with 21 cm cosmology}",
  journal = {ArXiv e-prints},
archivePrefix = "arXiv",
   eprint = {1509.08463},
 keywords = {Astrophysics - Cosmology and Nongalactic Astrophysics},
     year = 2015,
    month = sep,
   adsurl = {http://adsabs.harvard.edu/abs/2015arXiv150908463L},
  adsnote = {Provided by the SAO/NASA Astrophysics Data System}
}
@ARTICLE{liu15b,
   author = {{Liu}, A. and {Parsons}, A.~R.},
    title = "{Constraining cosmology and ionization history with combined 21 cm power spectrum and global signal measurements}",
  journal = {ArXiv e-prints},
archivePrefix = "arXiv",
   eprint = {1510.08815},
 keywords = {Astrophysics - Cosmology and Nongalactic Astrophysics, Astrophysics - Instrumentation and Methods for Astrophysics},
     year = 2015,
    month = oct,
   adsurl = {http://adsabs.harvard.edu/abs/2015arXiv151008815L},
  adsnote = {Provided by the SAO/NASA Astrophysics Data System}
}



@article{lonsdale09, 
author={Lonsdale, C.J. and Cappallo, R.J. and Morales, M.F. and Briggs, F.H. and Benkevitch, L. and Bowman, J.D. and Bunton, J.D. and Burns, S. and Corey, B.E. and deSouza, L. and Doeleman, S.S. and Derome, M. and Deshpande, A. and Gopala, M.R. and Greenhill, L.J. and Herne, D.E. and Hewitt, J.N. and Kamini, P.A. and Kasper, J.C. and Kincaid, B.B. and Kocz, J. and Kowald, E. and Kratzenberg, E. and Kumar, D. and Lynch, M.J. and Madhavi, S. and Matejek, M. and Mitchell, D.A. and Morgan, E. and Oberoi, D. and Ord, S. and Pathikulangara, J. and Prabu, T. and Rogers, A. and Roshi, A. and Salah, J.E. and Sault, R.J. and Shankar, N.U. and Srivani, K.S. and Stevens, J. and Tingay, S. and Vaccarella, A. and Waterson, M. and Wayth, R.B. and Webster, R.L. and Whitney, A.R. and Williams, A. and Williams, C.}, 
journal={Proceedings of the IEEE}, 
title={The Murchison Widefield Array: Design Overview}, 
year={2009}, 
month={Aug}, 
volume={97}, 
number={8}, 
pages={1497-1506}, 
keywords={astronomical telescopes;red shift;solar wind;3D brightness temperature fluctuations;Murchison Widefield array;Nyquist sampling;aperture array synthesis telescope;frequency 80 MHz to 300 MHz;inner heliosphere;point spread function;radius 0.75 km;redshift;reionization epoch;remote sensing;solar imaging;Apertures;Brightness temperature;Field programmable gate arrays;Fluctuations;Frequency synthesizers;Hydrogen;Optical design;Remote sensing;Telescopes;Antenna arrays;astronomy;calibration;imaging;ionosphere}, 
doi={10.1109/JPROC.2009.2017564}, 
ISSN={0018-9219}
}








@article{moore2013,
  author={David F. Moore and James E. Aguirre and Aaron R. Parsons and Daniel C. Jacobs and Jonathan C. Pober},
  title={The Effects of Polarized Foregrounds on 21 cm Epoch of Reionization Power Spectrum Measurements},
  journal={ApJ},
  volume={769},
  number={2},
  pages={154},
  url={http://stacks.iop.org/0004-637X/769/i=2/a=154},
  year={2013}
}
@ARTICLE{moore2015,
   author = {{Moore}, D. and {Aguirre}, J.~E. and {Parsons}, A. and {Ali}, Z. and 
  {Bradley}, R. and {Carilli}, C. and {DeBoer}, D. and {Dexter}, M. and 
  {Gugliucci}, N. and {Jacobs}, D. and {Klima}, P. and {Liu}, A. and 
  {MacMahon}, D. and {Manley}, J. and {Pober}, J. and {Stefan}, I. and 
  {Walbrugh}, W.},
    title = "{New Limits on Polarized Power Spectra at 126 and 164 MHz: Relevance to Epoch of Reionization Measurements}",
  journal = {ArXiv e-prints},
archivePrefix = "arXiv",
   eprint = {1502.05072},
 keywords = {Astrophysics - Cosmology and Nongalactic Astrophysics, Astrophysics - Instrumentation and Methods for Astrophysics},
     year = 2015,
    month = feb,
   adsurl = {http://adsabs.harvard.edu/abs/2015arXiv150205072M},
  adsnote = {Provided by the SAO/NASA Astrophysics Data System}
}

@article{jelic2010,
author = {Jeli\'{c}, Vibor and Zaroubi, Saleem and Labropoulos, Panagiotis and Bernardi, Gianni and de Bruyn, A. G. and Koopmans, L\'{e}on V. E.}, 
title = {Realistic simulations of the Galactic polarized foreground: consequences for 21-cm reionization detection experiments},
volume = {409}, 
number = {4}, 
pages = {1647-1659}, 
year = {2010}, 
doi = {10.1111/j.1365-2966.2010.17407.x}, 
eprint = {http://mnras.oxfordjournals.org/content/409/4/1647.full.pdf+html}, 
journal = {MNRAS} 
}
@ARTICLE{asad2015,
   author = {{Asad}, K.~M.~B. and {Koopmans}, L.~V.~E. and {Jeli{\'c}}, V. and 
	{Pandey}, V.~N. and {Ghosh}, A. and {Abdalla}, F.~B. and {Bernardi}, G. and 
	{Brentjens}, M.~A. and {de Bruyn}, A.~G. and {Bus}, S. and {Ciardi}, B. and 
	{Chapman}, E. and {Daiboo}, S. and {Fernandez}, E.~R. and {Harker}, G. and 
	{Iliev}, I.~T. and {Jensen}, H. and {Martinez-Rubi}, O. and 
	{Mellema}, G. and {Mevius}, M. and {Offringa}, A.~R. and {Patil}, A.~H. and 
	{Schaye}, J. and {Thomas}, R.~M. and {van der Tol}, S. and {Vedantham}, H.~K. and 
	{Yatawatta}, S. and {Zaroubi}, S.},
    title = "{Polarization leakage in epoch of reionization windows - I. Low Frequency Array observations of the 3C196 field}",
  journal = {\mnras},
archivePrefix = "arXiv",
   eprint = {1503.01644},
 keywords = {polarization, instrumentation: polarimeters, intergalactic medium, cosmo-logy: observations, dark ages, reionization, first stars},
     year = 2015,
    month = aug,
   volume = 451,
    pages = {3709-3727},
      doi = {10.1093/mnras/stv1107},
   adsurl = {http://adsabs.harvard.edu/abs/2015MNRAS.451.3709A},
  adsnote = {Provided by the SAO/NASA Astrophysics Data System}
}@ARTICLE{giannisurvey,
   author = {{Bernardi}, G. and {Greenhill}, L.~J. and {Mitchell}, D.~A. and 
  {Ord}, S.~M. and {Hazelton}, B.~J. and {Gaensler}, B.~M. and 
  {de Oliveira-Costa}, A. and {Morales}, M.~F. and {Udaya Shankar}, N. and 
  {Subrahmanyan}, R. and {Wayth}, R.~B. and {Lenc}, E. and {Williams}, C.~L. and 
  {Arcus}, W. and {Arora}, B.~S. and {Barnes}, D.~G. and {Bowman}, J.~D. and 
  {Briggs}, F.~H. and {Bunton}, J.~D. and {Cappallo}, R.~J. and 
  {Corey}, B.~E. and {Deshpande}, A. and {deSouza}, L. and {Emrich}, D. and 
  {Goeke}, R. and {Herne}, D. and {Hewitt}, J.~N. and {Johnston-Hollitt}, M. and 
  {Kaplan}, D. and {Kasper}, J.~C. and {Kincaid}, B.~B. and {Koenig}, R. and 
  {Kratzenberg}, E. and {Lonsdale}, C.~J. and {Lynch}, M.~J. and 
  {McWhirter}, S.~R. and {Morgan}, E. and {Oberoi}, D. and {Pathikulangara}, J. and 
  {Prabu}, T. and {Remillard}, R.~A. and {Rogers}, A.~E.~E. and 
  {Roshi}, A. and {Salah}, J.~E. and {Sault}, R.~J. and {Srivani}, K.~S. and 
  {Stevens}, J. and {Tingay}, S.~J. and {Waterson}, M. and {Webster}, R.~L. and 
  {Whitney}, A.~R. and {Williams}, A. and {Wyithe}, J.~S.~B.},
    title = "{A 189 MHz, 2400 deg$^{2}$ Polarization Survey with the Murchison Widefield Array 32-element Prototype}",
  journal = {\apj},
archivePrefix = "arXiv",
   eprint = {1305.6047},
 primaryClass = "astro-ph.CO",
 keywords = {diffuse radiation, ISM: magnetic fields, polarization, radio continuum: general, surveys, techniques: interferometric},
     year = 2013,
    month = jul,
   volume = 771,
      eid = {105},
    pages = {105},
      doi = {10.1088/0004-637X/771/2/105},
   adsurl = {http://adsabs.harvard.edu/abs/2013ApJ...771..105B},
  adsnote = {Provided by the SAO/NASA Astrophysics Data System}
}


@ARTICLE{FurlanettoReview,
   author = {Furlanetto, S.R. and Oh, S.P. and Briggs, F.H.},
    title = "{Cosmology at low frequencies: The 21 cm transition and the high-redshift Universe}",
  journal = "Physics Reports",
   eprint = {arXiv:astro-ph/0608032},
     year = 2006,
    month = oct,
   volume = 433,
    pages = {181-301},
      doi = {10.1016/j.physrep.2006.08.002},
   adsurl = {http://adsabs.harvard.edu/abs/2006PhR...433..181F},
  adsnote = {Provided by the SAO/NASA Astrophysics Data System}
}
@ARTICLE{miguelreview,
   author = {{Morales}, M.~F. and {Wyithe}, J.~S.~B.},
    title = "{Reionization and Cosmology with 21-cm Fluctuations}",
  journal = {Annual Reviews of Astronomy and Astrophysics},
archivePrefix = "arXiv",
   eprint = {0910.3010},
 primaryClass = "astro-ph.CO",
     year = 2010,
    month = sep,
   volume = 48,
    pages = {127-171},
      doi = {10.1146/annurev-astro-081309-130936},
   adsurl = {http://adsabs.harvard.edu/abs/2010ARA%26A..48..127M},
  adsnote = {Provided by the SAO/NASA Astrophysics Data System}
}
@ARTICLE{PritchardLoebReview,
   author = {{Pritchard}, J.~R. and {Loeb}, A.},
    title = "{21 cm cosmology in the 21st century}",
  journal = {Reports on Progress in Physics},
archivePrefix = "arXiv",
   eprint = {1109.6012},
 primaryClass = "astro-ph.CO",
     year = 2012,
    month = aug,
   volume = 75,
   number = 8,
    pages = {086901},
      doi = {10.1088/0034-4885/75/8/086901},
   adsurl = {http://adsabs.harvard.edu/abs/2012RPPh...75h6901P},
  adsnote = {Provided by the SAO/NASA Astrophysics Data System}
}
@incollection{zaroubi,
year={2013},
isbn={978-3-642-32361-4},
booktitle={The First Galaxies},
volume={396},
series={Astrophysics and Space Science Library},
editor={Wiklind, Tommy and Mobasher, Bahram and Bromm, Volker},
title={The Epoch of Reionization},
publisher={Springer Berlin Heidelberg},
author={Zaroubi, Saleem},
pages={45-101},
language={English}
}
@BOOK{aviBook,
   author = {{Loeb}, A. and {Furlanetto}, S.~R.},
   title= "The First Galaxies In The Universe",
   publisher = "Princeton University Press, Princeton, NJ",
   year = 2013
   }


@ARTICLE{bighorns,
   author = {{Sokolowski}, M. and {Tremblay}, S.~E. and {Wayth}, R.~B. and 
	{Tingay}, S.~J. and {Clarke}, N. and {Roberts}, P. and {Waterson}, M. and 
	{Ekers}, R.~D. and {Hall}, P. and {Lewis}, M. and {Mossammaparast}, M. and 
	{Padhi}, S. and {Schlagenhaufer}, F. and {Sutinjo}, A. and {Tickner}, J.
	},
    title = "{BIGHORNS - Broadband Instrument for Global HydrOgen ReioNisation Signal}",
  journal = {PASA},
archivePrefix = "arXiv",
   eprint = {1501.02922},
 primaryClass = "astro-ph.IM",
 keywords = {cosmology: observations, dark ages, reionisation, first stars, instrumentation: miscellaneous, methods: data analysis, methods: observational},
     year = 2015,
    month = feb,
   volume = 32,
      eid = {e004},
    pages = {4},
      doi = {10.1017/pasa.2015.3},
   adsurl = {http://adsabs.harvard.edu/abs/2015PASA...32....4S},
  adsnote = {Provided byf the SAO/NASA Astrophysics Data System}
}
@article{healpix,
  author={K. M. G\'{o}rski and E. Hivon and A. J. Banday and B. D. Wandelt and F. K. Hansen and M. Reinecke and M. Bartelmann},
  title={HEALPix: A Framework for High-Resolution Discretization and Fast Analysis of Data Distributed on the Sphere},
  journal={ApJ},
  volume={622},
  number={2},
  pages={759},
  year="2005",
}

@article{nithya13,
  author={Nithyanandan Thyagarajan and N. Udaya Shankar and Ravi Subrahmanyan and Wayne Arcus and Gianni Bernardi and Judd D.
Bowman and Frank Briggs and John D. Bunton and Roger J. Cappallo and Brian E. Corey and Ludi deSouza and David Emrich and Bryan
M. Gaensler and Robert F. Goeke and Lincoln J. Greenhill and Bryna J. Hazelton and David Herne and Jacqueline N.
Hewitt and Melanie Johnston-Hollitt and David L. Kaplan and Justin C. Kasper and Barton B. Kincaid and Ronald
Koenig and Eric Kratzenberg and Colin J. Lonsdale and Mervyn J. Lynch and S. Russell McWhirter and Daniel A.
Mitchell and Miguel F. Morales and Edward H. Morgan and Divya Oberoi and Stephen M. Ord and Joseph Pathikulangara and Ronald
A. Remillard and Alan E. E. Rogers and D. Anish Roshi and Joseph E. Salah and Robert J. Sault and K. S. Srivani and Jamie B.
Stevens and Prabu Thiagaraj and Steven J. Tingay and Randall B. Wayth and Mark Waterson and Rachel L. Webster and Alan R.
Whitney and Andrew J. Williams and Christopher L. Williams and J. Stuart B. Wyithe},
  title={A Study of Fundamental Limitations to Statistical Detection of Redshifted H I from the Epoch of Reionization},
  journal={ApJ},
  volume={776},
  number={1},
  pages={6},
  url={http://stacks.iop.org/0004-637X/776/i=1/a=6},
  year={2013},
}

@article{PoberNextGen,
  author={Jonathan C. Pober and Adrian Liu and Joshua S. Dillon and James E. Aguirre and Judd D. Bowman and Richard F.
Bradley and Chris L. Carilli and David R. DeBoer and Jacqueline N. Hewitt and Daniel C. Jacobs and Matthew
McQuinn and Miguel F. Morales and Aaron R. Parsons and Max Tegmark and Dan J. Werthimer},
  title={What Next-generation 21 cm Power Spectrum Measurements can Teach us About the Epoch of Reionization},
  journal={ApJ},
  volume={782},
  number={2},
  pages={66},
  url={http://stacks.iop.org/0004-637X/782/i=2/a=66},
  year={2014}
}
@article{neben15,
   author = {{Neben}, A.~R. and {Bradley}, R.~F. and {Hewitt}, J.~N. and 
	{Bernardi}, G. and {Bowman}, J.~D. and {Briggs}, F. and {Cappallo}, R.~J. and 
	{Deshpande}, A.~A. and {Goeke}, R. and {Greenhill}, L.~J. and 
	{Hazelton}, B.~J. and {Johnston-Hollitt}, M. and {Kaplan}, D.~L. and 
	{Lonsdale}, C.~J. and {McWhirter}, S.~R. and {Mitchell}, D.~A. and 
	{Morales}, M.~F. and {Morgan}, E. and {Oberoi}, D. and {Ord}, S.~M. and 
	{Prabu}, T. and {Shankar}, N.~U. and {Srivani}, K.~S. and {Subrahmanyan}, R. and 
	{Tingay}, S.~J. and {Wayth}, R.~B. and {Webster}, R.~L. and 
	{Williams}, A. and {Williams}, C.~L.},
    title = "Measuring phased-array antenna beampatterns with high dynamic range for the Murchison Widefield Array using 137 MHz ORBCOMM satellites",
  journal = {Radio Science},
archivePrefix = "arXiv",
   eprint = {1505.07114},
 primaryClass = "astro-ph.IM",
 keywords = {antenna arrays, radio astronomy, antennas},
     year = "2015",
    month = jul,
   volume = 50,
    pages = {614-629},
      doi = {10.1002/2015RS005678},
   adsurl = {http://adsabs.harvard.edu/abs/2015RaSc...50..614N},
  adsnote = {Provided by the SAO/NASA Astrophysics Data System}
}
@article{nithya15,
  author={Nithyanandan Thyagarajan and Daniel C. Jacobs and Judd D. Bowman and N. Barry and A. P. Beardsley and G. Bernardi and F.
Briggs and R. J. Cappallo and P. Carroll and B. E. Corey and A. de Oliveira-Costa and Joshua S. Dillon and D. Emrich and A.
Ewall-Wice and L. Feng and R. Goeke and L. J. Greenhill and B. J. Hazelton and J. N. Hewitt and N. Hurley-Walker and M.
Johnston-Hollitt and D. L. Kaplan and J. C. Kasper and Han-Seek Kim and P. Kittiwisit and E. Kratzenberg and E. Lenc and J.
Line and A. Loeb and C. J. Lonsdale and M. J. Lynch and B. McKinley and S. R. McWhirter and D. A. Mitchell and M. F. Morales and E.
Morgan and A. R. Neben and D. Oberoi and A. R. Offringa and S. M. Ord and Sourabh Paul and B. Pindor and J. C. Pober and T. Prabu and P.
Procopio and J. Riding and A. E. E. Rogers and A. Roshi and N. Udaya Shankar and Shiv K. Sethi and K. S. Srivani and R.
Subrahmanyan and I. S. Sullivan and M. Tegmark and S. J. Tingay and C. M. Trott and M. Waterson and R. B. Wayth and R. L.
Webster and A. R. Whitney and A. Williams and C. L. Williams and C. Wu and J. S. B. Wyithe},
  title={Foregrounds in Wide-field Redshifted 21 cm Power Spectra},
  journal={\apj},
  volume={804},
  number={1},
  pages={14},
  url={http://stacks.iop.org/0004-637X/804/i=1/a=14},
  year="2015a",
}
@ARTICLE{nithya15b,
   author = {{Thyagarajan}, N. and {Jacobs}, D.~C. and {Bowman}, J.~D. and 
	{Barry}, N. and {Beardsley}, A.~P. and {Bernardi}, G. and {Briggs}, F. and 
	{Cappallo}, R.~J. and {Carroll}, P. and {Deshpande}, A.~A. and 
	{de Oliveira-Costa}, A. and {Dillon}, J.~S. and {Ewall-Wice}, A. and 
	{Feng}, L. and {Greenhill}, L.~J. and {Hazelton}, B.~J. and 
	{Hernquist}, L. and {Hewitt}, J.~N. and {Hurley-Walker}, N. and 
	{Johnston-Hollitt}, M. and {Kaplan}, D.~L. and {Kim}, H.-S. and 
	{Kittiwisit}, P. and {Lenc}, E. and {Line}, J. and {Loeb}, A. and 
	{Lonsdale}, C.~J. and {McKinley}, B. and {McWhirter}, S.~R. and 
	{Mitchell}, D.~A. and {Morales}, M.~F. and {Morgan}, E. and 
	{Neben}, A.~R. and {Oberoi}, D. and {Offringa}, A.~R. and {Ord}, S.~M. and 
	{Paul}, S. and {Pindor}, B. and {Pober}, J.~C. and {Prabu}, T. and 
	{Procopio}, P. and {Riding}, J. and {Udaya Shankar}, N. and 
	{Sethi}, S.~K. and {Srivani}, K.~S. and {Subrahmanyan}, R. and 
	{Sullivan}, I.~S. and {Tegmark}, M. and {Tingay}, S.~J. and 
	{Trott}, C.~M. and {Wayth}, R.~B. and {Webster}, R.~L. and {Williams}, A. and 
	{Williams}, C.~L. and {Wyithe}, J.~S.~B.},
    title = "{Confirmation of Wide-field Signatures in Redshifted 21 cm Power Spectra}",
  journal = {\apj},
archivePrefix = "arXiv",
   eprint = {1506.06150},
 keywords = {cosmology: observations, dark ages, reionization, first stars, large-scale structure of universe, methods: statistical, radio continuum: galaxies, techniques: interferometric},
     year = "2015b",
    month = jul,
   volume = 807,
      eid = {L28},
    pages = {L28},
      doi = {10.1088/2041-8205/807/2/L28},
   adsurl = {http://adsabs.harvard.edu/abs/2015ApJ...807L..28T},
  adsnote = {Provided by the SAO/NASA Astrophysics Data System}
}
@article{zheng14,
author = {Zheng, H. and Tegmark, M. and Buza, V. and Dillon, J. S. and Gharibyan, H. and Hickish, J. and Kunz, E. and Liu, A. and Losh, J. and Lutomirski, A. and Morrison, S. and Narayanan, S. and Perko, A. and Rosner, D. and Sanchez, N. and Schutz, K. and Tribiano, S. M. and Valdez, M. and Yang, H. and Adami, K. Zarb and Zelko, I. and Zheng, K. and Armstrong, R. P. and Bradley, R. F. and Dexter, M. R. and Ewall-Wice, A. and Magro, A. and Matejek, M. and Morgan, E. and Neben, A. R. and Pan, Q. and Penna, R. F. and Peterson, C. M. and Su, M. and Villasenor, J. and Williams, C. L. and Zhu, Y.}, 
title = {MITEoR: a scalable interferometer for precision 21 cm cosmology},
volume = {445}, 
number = {2}, 
pages = {1084-1103}, 
year = {2014}, 
doi = {10.1093/mnras/stu1773}, 
URL = {http://mnras.oxfordjournals.org/content/445/2/1084.abstract}, 
eprint = {http://mnras.oxfordjournals.org/content/445/2/1084.full.pdf+html}, 
journal = {MNRAS} 
}
@ARTICLE{gsm,
   author = {{de Oliveira-Costa}, A. and {Tegmark}, M. and {Gaensler}, B.~M. and 
	{Jonas}, J. and {Landecker}, T.~L. and {Reich}, P.},
    title = "{A model of diffuse Galactic radio emission from 10 MHz to 100 GHz}",
  journal = {\mnras},
archivePrefix = "arXiv",
   eprint = {0802.1525},
 keywords = {methods: data analysis , astronomical data bases: miscellaneous , ISM: structure , diffuse radiation , radio continuum: ISM},
     year = 2008,
    month = jul,
   volume = 388,
    pages = {247-260},
      doi = {10.1111/j.1365-2966.2008.13376.x},
   adsurl = {http://adsabs.harvard.edu/abs/2008MNRAS.388..247D},
  adsnote = {Provided by the SAO/NASA Astrophysics Data System}
}
@ARTICLE{Slee1995,
   author = {{Slee}, O.~B.},
    title = "{Radio sources observed with the Culgoora circular array}",
  journal = {Australian Journal of Physics},
 keywords = {GALACTIC CLUSTERS, RADIO ASTRONOMY, RADIO OBSERVATION, RADIO SOURCES (ASTRONOMY), TABLES (DATA), ARRAYS, DATA REDUCTION, SKY SURVEYS (ASTRONOMY)},
     year = 1995,
   volume = 48,
    pages = {143-186},
   adsurl = {http://adsabs.harvard.edu/abs/1995AuJPh..48..143S},
  adsnote = {Provided by the SAO/NASA Astrophysics Data System}
}

@ARTICLE{MWACS,
   author = {{Hurley-Walker}, N. and {Morgan}, J. and {Wayth}, R.~B. and {Bell}, M. and {Bernardi}, G. and {Bhat}, R. and  Frank {Briggs}, F. and {Deshpande} A.~A. and {Ewall-Wice}, A. and {Feng}, L. and {Hazelton}, B. and {Hindson}, L. and {Jacobs}, D. and {Kaplan}, D. and {Kudryavtseva}, N. and {Lenc}, E. and {McKinley}, B. and {Mitchell}, D. and {Pindor}, B. and {Procopio}, P. and {Oberoi}, D. and {Offringa}, M. and {Ord}, S. and {Riding}, J. and {Bowman}, J. and {Cappallo}, R. and {Corey}, B. and {Emrich}, D. and {Gaensler}, B. and {Goeke}, R. and {Greenhill}, L. and {Hewitt}, J. and {Johnston-Hollitt}, M. and {Kasper}, J. and {Kratzenberg}, E. and {Lonsdale}, C. and {Lynch}, M. and {McWhirter}, R. and {Morales}, M. and {Morgan}, E. and {Prabu}, T. and {Rogers}, A. and {Roshi}, A. and {Shankar}, U. and {Srivani}, K. and {Subrahmanyan}, R. and {Tingay}, S. and {Waterson}, M. and {Webster}, R. and {Whitney}, A. and {Williams}, A. and {Williams}, C.},
    title = "{The Murchison Widefield Array Commissioning Survey: A Low-Frequency Catalogue of 14 110 Compact Radio Sources over 6 100 Square Degrees}",
  journal = "PASA",
archivePrefix = "arXiv",
   eprint = {1410.0790},
 primaryClass = "astro-ph.IM",
 keywords = {radio continuum: general, surveys, techniques: interferometric},
     year = 2014,
    month = nov,
   volume = 31,
      eid = {e045},
    pages = {45},
      doi = {10.1017/pasa.2014.40},
   adsurl = {http://adsabs.harvard.edu/abs/2014PASA...31...45H},
  adsnote = {Provided by the SAO/NASA Astrophysics Data System}
}



@ARTICLE{paper32,
   author = {{Parsons}, A.~R. and {Liu}, A. and {Aguirre}, J.~E. and {Ali}, Z.~S. and 
	{Bradley}, R.~F. and {Carilli}, C.~L. and {DeBoer}, D.~R. and 
	{Dexter}, M.~R. and {Gugliucci}, N.~E. and {Jacobs}, D.~C. and 
	{Klima}, P. and {MacMahon}, D.~H.~E. and {Manley}, J.~R. and 
	{Moore}, D.~F. and {Pober}, J.~C. and {Stefan}, I.~I. and {Walbrugh}, W.~P.
	},
    title = "{New Limits on 21 cm Epoch of Reionization from PAPER-32 Consistent with an X-Ray Heated Intergalactic Medium at z = 7.7}",
  journal = {\apj},
archivePrefix = "arXiv",
   eprint = {1304.4991},
 keywords = {cosmology: observations, dark ages, reionization, first stars, early universe, instrumentation: interferometers, intergalactic medium, radio continuum: general},
     year = 2014,
    month = jun,
   volume = 788,
      eid = {106},
    pages = {106},
      doi = {10.1088/0004-637X/788/2/106},
   adsurl = {http://adsabs.harvard.edu/abs/2014ApJ...788..106P},
  adsnote = {Provided by the SAO/NASA Astrophysics Data System}
}
@ARTICLE{ali2015,
   author = {{Ali}, Z.~S. and {Parsons}, A.~R. and {Zheng}, H. and {Pober}, J.~C. and 
	{Liu}, A. and {Aguirre}, J.~E. and {Bradley}, R.~F. and {Bernardi}, G. and 
	{Carilli}, C.~L. and {Cheng}, C. and {DeBoer}, D.~R. and {Dexter}, M.~R. and 
	{Grobbelaar}, J. and {Horrell}, J. and {Jacobs}, D.~C. and {Klima}, P. and 
	{MacMahon}, D.~H.~E. and {Maree}, M. and {Moore}, D.~F. and 
	{Razavi}, N. and {Stefan}, I.~I. and {Walbrugh}, W.~P. and {Walker}, A.
	},
    title = "{PAPER-64 Constraints on Reionization: The 21 cm Power Spectrum at z = 8.4}",
  journal = {\apj},
archivePrefix = "arXiv",
   eprint = {1502.06016},
 keywords = {cosmology: observations, dark ages, reionization, first stars, early universe, instrumentation: interferometers, intergalactic medium},
     year = 2015,
    month = aug,
   volume = 809,
      eid = {61},
    pages = {61},
      doi = {10.1088/0004-637X/809/1/61},
   adsurl = {http://adsabs.harvard.edu/abs/2015ApJ...809...61A},
  adsnote = {Provided by the SAO/NASA Astrophysics Data System}
}
@ARTICLE{parsonsandbacker,
   author = {{Parsons}, A.~R. and {Backer}, D.~C.},
    title = "{Calibration of Low-Frequency, Wide-Field Radio Interferometers Using Delay/Delay-Rate Filtering}",
  journal = {\aj},
archivePrefix = "arXiv",
   eprint = {0901.2575},
 primaryClass = "astro-ph.IM",
 keywords = {instrumentation: interferometers, methods: data analysis, techniques: interferometric},
     year = 2009,
    month = jul,
   volume = 138,
    pages = {219-226},
      doi = {10.1088/0004-6256/138/1/219},
   adsurl = {http://adsabs.harvard.edu/abs/2009AJ....138..219P},
  adsnote = {Provided by the SAO/NASA Astrophysics Data System}
}

@ARTICLE{parsons12b,
   author = {{Parsons}, A.~R. and {Pober}, J.~C. and {Aguirre}, J.~E. and 
  {Carilli}, C.~L. and {Jacobs}, D.~C. and {Moore}, D.~F.},
    title = "{A Per-baseline, Delay-spectrum Technique for Accessing the 21 cm Cosmic Reionization Signature}",
  journal = {\apj},
archivePrefix = "arXiv",
   eprint = {1204.4749},
 primaryClass = "astro-ph.IM",
 keywords = {cosmology: observations, instrumentation: interferometers, radio continuum: general, site testing, techniques: interferometric, telescopes},
     year = 2012,
    month = sep,
   volume = 756,
      eid = {165},
    pages = {165},
      doi = {10.1088/0004-637X/756/2/165},
   adsurl = {http://adsabs.harvard.edu/abs/2012ApJ...756..165P},
  adsnote = {Provided by the SAO/NASA Astrophysics Data System}
}
@ARTICLE{parsons12a,
   author = {{Parsons}, A. and {Pober}, J. and {McQuinn}, M. and {Jacobs}, D. and 
  {Aguirre}, J.},
    title = "{A Sensitivity and Array-configuration Study for Measuring the Power Spectrum of 21 cm Emission from Reionization}",
  journal = {\apj},
archivePrefix = "arXiv",
   eprint = {1103.2135},
 primaryClass = "astro-ph.IM",
 keywords = {cosmology: observations, instrumentation: interferometers, methods: observational, techniques: interferometric, telescopes},
     year = 2012,
    month = jul,
   volume = 753,
      eid = {81},
    pages = {81},
      doi = {10.1088/0004-637X/753/1/81},
   adsurl = {http://adsabs.harvard.edu/abs/2012ApJ...753...81P},
  adsnote = {Provided by the SAO/NASA Astrophysics Data System}
}

@ARTICLE{21cmfast,
   author = {{Mesinger}, A. and {Furlanetto}, S. and {Cen}, R.},
    title = "{21CMFAST: a fast, seminumerical simulation of the high-redshift 21-cm signal}",
  journal = {\mnras},
archivePrefix = "arXiv",
   eprint = {1003.3878},
 keywords = {methods: numerical, galaxies: high redshift, dark ages, reionization, first stars, diffuse radiation, early Universe, large-scale structure of Universe},
     year = 2011,
    month = feb,
   volume = 411,
    pages = {955-972},
      doi = {10.1111/j.1365-2966.2010.17731.x},
   adsurl = {http://adsabs.harvard.edu/abs/2011MNRAS.411..955M},
  adsnote = {Provided by the SAO/NASA Astrophysics Data System}
}

@ARTICLE{mwascience,
   author = {{Bowman}, J.~D. and {Cairns}, I. and {Kaplan}, D.~L. and {Murphy}, T. and 
	{Oberoi}, D. and {Staveley-Smith}, L. and {Arcus}, W. and {Barnes}, D.~G. and 
	{Bernardi}, G. and {Briggs}, F.~H. and {Brown}, S. and {Bunton}, J.~D. and 
	{Burgasser}, A.~J. and {Cappallo}, R.~J. and {Chatterjee}, S. and 
	{Corey}, B.~E. and {Coster}, A. and {Deshpande}, A. and {deSouza}, L. and 
	{Emrich}, D. and {Erickson}, P. and {Goeke}, R.~F. and {Gaensler}, B.~M. and 
	{Greenhill}, L.~J. and {Harvey-Smith}, L. and {Hazelton}, B.~J. and 
	{Herne}, D. and {Hewitt}, J.~N. and {Johnston-Hollitt}, M. and 
	{Kasper}, J.~C. and {Kincaid}, B.~B. and {Koenig}, R. and {Kratzenberg}, E. and 
	{Lonsdale}, C.~J. and {Lynch}, M.~J. and {Matthews}, L.~D. and 
	{McWhirter}, S.~R. and {Mitchell}, D.~A. and {Morales}, M.~F. and 
	{Morgan}, E.~H. and {Ord}, S.~M. and {Pathikulangara}, J. and 
	{Prabu}, T. and {Remillard}, R.~A. and {Robishaw}, T. and {Rogers}, A.~E.~E. and 
	{Roshi}, A.~A. and {Salah}, J.~E. and {Sault}, R.~J. and {Shankar}, N.~U. and 
	{Srivani}, K.~S. and {Stevens}, J.~B. and {Subrahmanyan}, R. and 
	{Tingay}, S.~J. and {Wayth}, R.~B. and {Waterson}, M. and {Webster}, R.~L. and 
	{Whitney}, A.~R. and {Williams}, A.~J. and {Williams}, C.~L. and 
	{Wyithe}, J.~S.~B.},
    title = "{Science with the Murchison Widefield Array}",
  journal = {PASA},
archivePrefix = "arXiv",
   eprint = {1212.5151},
 primaryClass = "astro-ph.IM",
 keywords = {dark ages, reionisation, first stars, instrumentation: interferometers, radio continuum: general, radio lines: general, Sun: general},
     year = 2013,
    month = apr,
   volume = 30,
      eid = {e031},
    pages = {e031},
      doi = {10.1017/pas.2013.009},
   adsurl = {http://adsabs.harvard.edu/abs/2013PASA...30...31B},
  adsnote = {Provided by the SAO/NASA Astrophysics Data System}
}

@article{tingay13,
author = {Tingay,S. J. and Goeke,R. and Bowman,J. D. and Emrich,D. and Ord,S. M. and Mitchell,D. A. and Morales,M. F. and Booler,T. and Crosse,B. and Wayth,R. B. and Lonsdale,C. J. and Tremblay,S. and Pallot,D. and Colegate,T. and Wicenec,A. and Kudryavtseva,N. and Arcus,W. and Barnes,D. and Bernardi,G. and Briggs,F. and Burns,S. and Bunton,J. D. and Cappallo,R. J. and Corey,B. E. and Deshpande,A. and Desouza,L. and Gaensler,B. M. and Greenhill,L. J. and Hall,P. J. and Hazelton,B. J. and Herne,D. and Hewitt,J. N. and Johnston-Hollitt,M. and Kaplan,D. L. and Kasper,J. C. and Kincaid,B. B. and Koenig,R. and Kratzenberg,E. and Lynch,M. J. and Mckinley,B. and Mcwhirter,S. R. and Morgan,E. and Oberoi,D. and Pathikulangara,J. and Prabu,T. and Remillard,R. A. and Rogers,A. E. E. and Roshi,A. and Salah,J. E. and Sault,R. J. and Udaya-Shankar,N. and Schlagenhaufer,F. and Srivani,K. S. and Stevens,J. and Subrahmanyan,R. and Waterson,M. and Webster,R. L. and Whitney,A. R. and Williams,A. and Williams,C. L. and Wyithe,J. S. B.},
title = {The Murchison Widefield Array: The Square Kilometre Array Precursor at Low Radio Frequencies},
journal = {PASA},
volume = {30},
month = {1},
year = {2013},
issn = {1448-6083},
doi = {10.1017/pasa.2012.007},
URL = {http://journals.cambridge.org/article_S1323358012000070}
}

@article{Paciga2011,
author = {Paciga, Gregory and Chang, Tzu-Ching and Gupta, Yashwant and Nityanada, Rajaram and Odegova, Julia and Pen, Ue-Li and Peterson, Jeffrey B. and Roy, Jayanta and Sigurdson, Kris}, 
title = {The GMRT Epoch of Reionization experiment: a new upper limit on the neutral hydrogen power spectrum at z≈ 8.6},
volume = {413}, 
number = {2}, 
pages = {1174-1183}, 
year = {2011}, 
doi = {10.1111/j.1365-2966.2011.18208.x}, 
abstract ={We present a new upper limit to the 21-cm power spectrum during the Epoch of Reionization (EoR) which constrains reionization models with an unheated IGM. The GMRT-EoR experiment is an ongoing effort to make a statistical detection of the power spectrum of 21-cm neutral hydrogen emission at redshift z∼ 9. Data from this redshift constrain models of the EoR, the end of the Dark Ages arising from the formation of the first bright UV sources, probably stars or mini-quasars. We present results from approximately 50 h of observations with the Giant Metrewave Radio Telescope in India from 2007 December. We describe radio-frequency interference (RFI) localization schemes which allow bright sources on the ground to be identified and physically removed in addition to automated flagging. Singular-value decomposition is used to remove the remaining broad-band RFI by identifying ground sources with large eigenvalues. Foregrounds are modelled using a piecewise linear filter and the power spectrum is measured using cross-correlations of foreground-subtracted images.}, 
URL = {http://mnras.oxfordjournals.org/content/413/2/1174.abstract}, 
eprint = {http://mnras.oxfordjournals.org/content/413/2/1174.full.pdf+html}, 
journal = {MNRAS} 
}
@ARTICLE{leda,
   author = {{Greenhill}, L.~J. and {Bernardi}, G.},
    title = "{HI Epoch of Reionization Arrays}",
  journal = {ArXiv e-prints},
archivePrefix = "arXiv",
   eprint = {1201.1700},
 primaryClass = "astro-ph.CO",
 keywords = {Astrophysics - Cosmology and Extragalactic Astrophysics, Astrophysics - Instrumentation and Methods for Astrophysics},
     year = 2012,
    month = jan,
   adsurl = {http://adsabs.harvard.edu/abs/2012arXiv1201.1700G},
  adsnote = {Provided by the SAO/NASA Astrophysics Data System}
}
@ARTICLE{lwa,
   author = {{Taylor}, G.~B. and {Ellingson}, S.~W. and {Kassim}, N.~E. and 
  {Craig}, J. and {Dowell}, J. and {Wolfe}, C.~N. and {Hartman}, J. and 
  {Bernardi}, G. and {Clarke}, T. and {Cohen}, A. and {Dalal}, N.~P. and 
  {Erickson}, W.~C. and {Hicks}, B. and {Greenhill}, L.~J. and 
  {Jacoby}, B. and {Lane}, W. and {Lazio}, J. and {Mitchell}, D. and 
  {Navarro}, R. and {Ord}, S.~M. and {Pihlstr{\"o}m}, Y. and {Polisensky}, E. and 
  {Ray}, P.~S. and {Rickard}, L.~J. and {Schinzel}, F.~K. and 
  {Schmitt}, H. and {Sigman}, E. and {Soriano}, M. and {Stewart}, K.~P. and 
  {Stovall}, K. and {Tremblay}, S. and {Wang}, D. and {Weiler}, K.~W. and 
  {White}, S. and {Wood}, D.~L.},
    title = "{First Light for the First Station of the Long Wavelength Array}",
  journal = {Journal of Astronomical Instrumentation },
archivePrefix = "arXiv",
   eprint = {1206.6733},
 primaryClass = "astro-ph.IM",
 keywords = {Sun, Jupiter, pulsars, extrasolar planets, Dark Ages, long wavelength instrumentation},
     year = 2012,
    month = dec,
   volume = 1,
      eid = {1250004},
    pages = {50004},
      doi = {10.1142/S2251171712500043},
   adsurl = {http://adsabs.harvard.edu/abs/2012JAI.....150004T},
  adsnote = {Provided by the SAO/NASA Astrophysics Data System}
}
@article{dare,
title = "Probing the first stars and black holes in the early Universe with the Dark Ages Radio Explorer (DARE) ",
journal = "Advances in Space Research ",
volume = "49",
number = "3",
pages = "433 - 450",
year = "2012",
note = "",
issn = "0273-1177",
doi = "http://dx.doi.org/10.1016/j.asr.2011.10.014",
url = "http://www.sciencedirect.com/science/article/pii/S0273117711007472",
author = "Jack O. Burns and J. Lazio and S. Bale and J. Bowman and R. Bradley and C. Carilli and S. Furlanetto and G. Harker and A. Loeb and J. Pritchard",
keywords = "Cosmology: first stars, dark ages, reionization",
keywords = "Radio lines: general",
keywords = "Instrumentation: detectors "
}
@ARTICLE{lofar,
   author = {{van Haarlem}, M.~P. and {Wise}, M.~W. and {Gunst}, A.~W. and 
  {Heald}, G. and {McKean}, J.~P. and {Hessels}, J.~W.~T. and 
  {de Bruyn}, A.~G. and {Nijboer}, R. and {Swinbank}, J. and {Fallows}, R. and 
  {Brentjens}, M. and {Nelles}, A. and {Beck}, R. and {Falcke}, H. and 
  {Fender}, R. and {H{\"o}randel}, J. and {Koopmans}, L.~V.~E. and 
  {Mann}, G. and {Miley}, G. and {R{\"o}ttgering}, H. and {Stappers}, B.~W. and 
  {Wijers}, R.~A.~M.~J. and {Zaroubi}, S. and {van den Akker}, M. and 
  {Alexov}, A. and {Anderson}, J. and {Anderson}, K. and {van Ardenne}, A. and 
  {Arts}, M. and {Asgekar}, A. and {Avruch}, I.~M. and {Batejat}, F. and 
  {B{\"a}hren}, L. and {Bell}, M.~E. and {Bell}, M.~R. and {van Bemmel}, I. and 
  {Bennema}, P. and {Bentum}, M.~J. and {Bernardi}, G. and {Best}, P. and 
  {B{\^i}rzan}, L. and {Bonafede}, A. and {Boonstra}, A.-J. and 
  {Braun}, R. and {Bregman}, J. and {Breitling}, F. and {van de Brink}, R.~H. and 
  {Broderick}, J. and {Broekema}, P.~C. and {Brouw}, W.~N. and 
  {Br{\"u}ggen}, M. and {Butcher}, H.~R. and {van Cappellen}, W. and 
  {Ciardi}, B. and {Coenen}, T. and {Conway}, J. and {Coolen}, A. and 
  {Corstanje}, A. and {Damstra}, S. and {Davies}, O. and {Deller}, A.~T. and 
  {Dettmar}, R.-J. and {van Diepen}, G. and {Dijkstra}, K. and 
  {Donker}, P. and {Doorduin}, A. and {Dromer}, J. and {Drost}, M. and 
  {van Duin}, A. and {Eisl{\"o}ffel}, J. and {van Enst}, J. and 
  {Ferrari}, C. and {Frieswijk}, W. and {Gankema}, H. and {Garrett}, M.~A. and 
  {de Gasperin}, F. and {Gerbers}, M. and {de Geus}, E. and {Grie{\ss}meier}, J.-M. and 
  {Grit}, T. and {Gruppen}, P. and {Hamaker}, J.~P. and {Hassall}, T. and 
  {Hoeft}, M. and {Holties}, H.~A. and {Horneffer}, A. and {van der Horst}, A. and 
  {van Houwelingen}, A. and {Huijgen}, A. and {Iacobelli}, M. and 
  {Intema}, H. and {Jackson}, N. and {Jelic}, V. and {de Jong}, A. and 
  {Juette}, E. and {Kant}, D. and {Karastergiou}, A. and {Koers}, A. and 
  {Kollen}, H. and {Kondratiev}, V.~I. and {Kooistra}, E. and 
  {Koopman}, Y. and {Koster}, A. and {Kuniyoshi}, M. and {Kramer}, M. and 
  {Kuper}, G. and {Lambropoulos}, P. and {Law}, C. and {van Leeuwen}, J. and 
  {Lemaitre}, J. and {Loose}, M. and {Maat}, P. and {Macario}, G. and 
  {Markoff}, S. and {Masters}, J. and {McFadden}, R.~A. and {McKay-Bukowski}, D. and 
  {Meijering}, H. and {Meulman}, H. and {Mevius}, M. and {Middelberg}, E. and 
  {Millenaar}, R. and {Miller-Jones}, J.~C.~A. and {Mohan}, R.~N. and 
  {Mol}, J.~D. and {Morawietz}, J. and {Morganti}, R. and {Mulcahy}, D.~D. and 
  {Mulder}, E. and {Munk}, H. and {Nieuwenhuis}, L. and {van Nieuwpoort}, R. and 
  {Noordam}, J.~E. and {Norden}, M. and {Noutsos}, A. and {Offringa}, A.~R. and 
  {Olofsson}, H. and {Omar}, A. and {Orr{\'u}}, E. and {Overeem}, R. and 
  {Paas}, H. and {Pandey-Pommier}, M. and {Pandey}, V.~N. and 
  {Pizzo}, R. and {Polatidis}, A. and {Rafferty}, D. and {Rawlings}, S. and 
  {Reich}, W. and {de Reijer}, J.-P. and {Reitsma}, J. and {Renting}, G.~A. and 
  {Riemers}, P. and {Rol}, E. and {Romein}, J.~W. and {Roosjen}, J. and 
  {Ruiter}, M. and {Scaife}, A. and {van der Schaaf}, K. and {Scheers}, B. and 
  {Schellart}, P. and {Schoenmakers}, A. and {Schoonderbeek}, G. and 
  {Serylak}, M. and {Shulevski}, A. and {Sluman}, J. and {Smirnov}, O. and 
  {Sobey}, C. and {Spreeuw}, H. and {Steinmetz}, M. and {Sterks}, C.~G.~M. and 
  {Stiepel}, H.-J. and {Stuurwold}, K. and {Tagger}, M. and {Tang}, Y. and 
  {Tasse}, C. and {Thomas}, I. and {Thoudam}, S. and {Toribio}, M.~C. and 
  {van der Tol}, B. and {Usov}, O. and {van Veelen}, M. and {van der Veen}, A.-J. and 
  {ter Veen}, S. and {Verbiest}, J.~P.~W. and {Vermeulen}, R. and 
  {Vermaas}, N. and {Vocks}, C. and {Vogt}, C. and {de Vos}, M. and 
  {van der Wal}, E. and {van Weeren}, R. and {Weggemans}, H. and 
  {Weltevrede}, P. and {White}, S. and {Wijnholds}, S.~J. and 
  {Wilhelmsson}, T. and {Wucknitz}, O. and {Yatawatta}, S. and 
  {Zarka}, P. and {Zensus}, A. and {van Zwieten}, J.},
    title = "{LOFAR: The LOw-Frequency ARray}",
  journal = {\aap},
archivePrefix = "arXiv",
   eprint = {1305.3550},
 primaryClass = "astro-ph.IM",
 keywords = {instrumentation: interferometers, radio continuum: general, radio lines: general, dark ages, reionization, first stars, telescopes},
     year = 2013,
    month = aug,
   volume = 556,
      eid = {A2},
    pages = {A2},
      doi = {10.1051/0004-6361/201220873},
   adsurl = {http://adsabs.harvard.edu/abs/2013A%26A...556A...2V},
  adsnote = {Provided by the SAO/NASA Astrophysics Data System}
}
@ARTICLE{bowman2010,
   author = {{Bowman}, J.~D. and {Rogers}, A.~E.~E.},
    title = "{A lower limit of {$\Delta$}z{\gt}0.06 for the duration of the reionization epoch}",
  journal = {\nat},
archivePrefix = "arXiv",
   eprint = {1209.1117},
 primaryClass = "astro-ph.CO",
     year = 2010,
    month = dec,
   volume = 468,
    pages = {796-798},
      doi = {10.1038/nature09601},
   adsurl = {http://adsabs.harvard.edu/abs/2010Natur.468..796B},
  adsnote = {Provided by the SAO/NASA Astrophysics Data System}
}
@ARTICLE{scihi,
   author = {{Voytek}, T.~C. and {Natarajan}, A. and {J{\'a}uregui Garc{\'{\i}}a}, J.~M. and 
	{Peterson}, J.~B. and {L{\'o}pez-Cruz}, O.},
    title = "{Probing the Dark Ages at z \~{} 20: The SCI-HI 21 cm All-sky Spectrum Experiment}",
  journal = {\apjl},
archivePrefix = "arXiv",
   eprint = {1311.0014},
 keywords = {cosmology: observations, dark ages, reionization, first stars, methods: observational, radio continuum: general},
     year = 2014,
    month = feb,
   volume = 782,
      eid = {L9},
    pages = {L9},
      doi = {10.1088/2041-8205/782/1/L9},
   adsurl = {http://adsabs.harvard.edu/abs/2014ApJ...782L...9V},
  adsnote = {Provided by the SAO/NASA Astrophysics Data System}
}

@techreport{heraMemo5,
	Author = {{Parsons}, A.~R. and {DeBoer}, D.~R.},
	Date-Added = {2015-06-03 04:06:54 +0000},
	Date-Modified = {2015-06-03 16:34:36 +0000},
	Institution = {HERA Memo Series},
	Number = {5},
	Title = {Configuration of the HERA Element},
	Year = 2015}
	
	@ARTICLE{MoralesBowmanHewittFGsub,
   author = {{Morales}, M.~F. and {Bowman}, J.~D. and {Hewitt}, J.~N.},
    title = "{Improving Foreground Subtraction in Statistical Observations of 21 cm Emission from the Epoch of Reionization}",
  journal = {\apj},
   eprint = {astro-ph/0510027},
 keywords = {Cosmology: Observations, Radio Lines: Galaxies},
     year = 2006,
    month = sep,
   volume = 648,
    pages = {767-773},
      doi = {10.1086/506135},
   adsurl = {http://adsabs.harvard.edu/abs/2006ApJ...648..767M},
  adsnote = {Provided by the SAO/NASA Astrophysics Data System}
}

@ARTICLE{Dattapowerspec,
   author = {{Datta}, A. and {Bowman}, J.~D. and {Carilli}, C.~L.},
    title = "{Bright Source Subtraction Requirements for Redshifted 21 cm Measurements}",
  journal = {ApJ},
archivePrefix = "arXiv",
   eprint = {1005.4071},
 primaryClass = "astro-ph.CO",
 keywords = {early universe, intergalactic medium, methods: data analysis, radio lines: general, techniques: interferometric },
     year = "2010",
    month = nov,
   volume = 724,
    pages = {526-538},
      doi = {10.1088/0004-637X/724/1/526},
   adsurl = {http://adsabs.harvard.edu/abs/2010ApJ...724..526D},
  adsnote = {Provided by the SAO/NASA Astrophysics Data System}
}
@ARTICLE{VedanthamWedge,
   author = {{Vedantham}, H. and {Udaya Shankar}, N. and {Subrahmanyan}, R.
  },
    title = "{Imaging the Epoch of Reionization: Limitations from Foreground Confusion and Imaging Algorithms}",
  journal = {\apj},
archivePrefix = "arXiv",
   eprint = {1106.1297},
 primaryClass = "astro-ph.IM",
 keywords = {cosmology: observations, methods: analytical, methods: data analysis, techniques: interferometric},
     year = "2012",
    month = feb,
   volume = 745,
      eid = {176},
    pages = {176},
      doi = {10.1088/0004-637X/745/2/176},
   adsurl = {http://adsabs.harvard.edu/abs/2012ApJ...745..176V},
  adsnote = {Provided by the SAO/NASA Astrophysics Data System}
}
@ARTICLE{liu2010,
   author = {{Liu}, A. and {Tegmark}, M. and {Morrison}, S. and {Lutomirski}, A. and 
	{Zaldarriaga}, M.},
    title = "{Precision calibration of radio interferometers using redundant baselines}",
  journal = {\mnras},
archivePrefix = "arXiv",
   eprint = {1001.5268},
 primaryClass = "astro-ph.IM",
 keywords = {instrumentation: interferometers, methods: data analysis, cosmology: observations, radio continuum: general},
     year = 2010,
    month = oct,
   volume = 408,
    pages = {1029-1050},
      doi = {10.1111/j.1365-2966.2010.17174.x},
   adsurl = {http://adsabs.harvard.edu/abs/2010MNRAS.408.1029L},
  adsnote = {Provided by the SAO/NASA Astrophysics Data System}
}
@ARTICLE{redundant3,
   author = {{Wieringa}, M.~H.},
    title = "{An investigation of the telescope based calibration methods 'redundancy' and 'self-cal'}",
  journal = {Experimental Astronomy},
 keywords = {Calibrating, Instrument Compensation, Instrument Errors, Interferometry, Radio Telescopes, Redundancy, Astronomical Maps, Correction, Signal To Noise Ratios},
     year = 1992,
   volume = 2,
    pages = {203-225},
      doi = {10.1007/BF00420576},
   adsurl = {http://adsabs.harvard.edu/abs/1992ExA.....2..203W},
  adsnote = {Provided by the SAO/NASA Astrophysics Data System}
}
@ARTICLE{redundant4,
   author = {{Ram Marthi}, V. and {Chengalur}, J.},
    title = "{Non-linear Redundancy Calibration}",
  journal = {ArXiv e-prints},
archivePrefix = "arXiv",
   eprint = {1310.1449},
 primaryClass = "astro-ph.IM",
 keywords = {Astrophysics - Instrumentation and Methods for Astrophysics},
     year = 2013,
    month = oct,
   adsurl = {http://adsabs.harvard.edu/abs/2013arXiv1310.1449R},
  adsnote = {Provided by the SAO/NASA Astrophysics Data System}
}

WEDGE DATA
@ARTICLE{X13,
   author = {{Dillon}, J.~S. and {Liu}, A. and {Williams}, C.~L. and {Hewitt}, J.~N. and 
  {Tegmark}, M. and {Morgan}, E.~H. and {Levine}, A.~M. and {Morales}, M.~F. and 
  {Tingay}, S.~J. and {Bernardi}, G. and {Bowman}, J.~D. and {Briggs}, F.~H. and 
  {Cappallo}, R.~C. and {Emrich}, D. and {Mitchell}, D.~A. and 
  {Oberoi}, D. and {Prabu}, T. and {Wayth}, R. and {Webster}, R.~L.
  },
    title = "{Overcoming real-world obstacles in 21 cm power spectrum estimation: A method demonstration and results from early Murchison Widefield Array data}",
  journal = "Phys. Rev. D",
archivePrefix = "arXiv",
   eprint = {1304.4229},
 primaryClass = "astro-ph.CO",
 keywords = {Observation and data reduction techniques, computer modeling and simulation, Radio microwave, Cosmology, Observational cosmology},
     year = "2014",
    month = jan,
   volume = 89,
   number = 2,
      eid = {023002},
    pages = {023002},
      doi = {10.1103/PhysRevD.89.023002},
   adsurl = {http://adsabs.harvard.edu/abs/2014PhRvD..89b3002D},
  adsnote = {Provided by the SAO/NASA Astrophysics Data System}
}
@ARTICLE{PoberWedge,
   author = {{Pober}, J.~C. and {Parsons}, A.~R. and {Aguirre}, J.~E. and 
	{Ali}, Z. and {Bradley}, R.~F. and {Carilli}, C.~L. and {DeBoer}, D. and 
	{Dexter}, M. and {Gugliucci}, N.~E. and {Jacobs}, D.~C. and 
	{Klima}, P.~J. and {MacMahon}, D. and {Manley}, J. and {Moore}, D.~F. and 
	{Stefan}, I.~I. and {Walbrugh}, W.~P.},
    title = "{Opening the 21 cm Epoch of Reionization Window: Measurements of Foreground Isolation with PAPER}",
  journal = {\apjl},
archivePrefix = "arXiv",
   eprint = {1301.7099},
 keywords = {cosmology: observations, dark ages, reionization, first stars, techniques: interferometric},
     year = 2013,
    month = may,
   volume = 768,
      eid = {L36},
    pages = {L36},
      doi = {10.1088/2041-8205/768/2/L36},
   adsurl = {http://adsabs.harvard.edu/abs/2013ApJ...768L..36P},
  adsnote = {Provided by the SAO/NASA Astrophysics Data System}
}


WEDGE THEORY
@ARTICLE{MoralesPSShapes,
   author = {{Morales}, M.~F. and {Hazelton}, B. and {Sullivan}, I. and {Beardsley}, A.
  },
    title = "{Four Fundamental Foreground Power Spectrum Shapes for 21 cm Cosmology Observations}",
  journal = {\apj},
archivePrefix = "arXiv",
   eprint = {1202.3830},
 primaryClass = "astro-ph.IM",
 keywords = {cosmology: observations, methods: data analysis, techniques: interferometric},
     year = 2012,
    month = jun,
   volume = 752,
      eid = {137},
    pages = {137},
      doi = {10.1088/0004-637X/752/2/137},
   adsurl = {http://adsabs.harvard.edu/abs/2012ApJ...752..137M},
  adsnote = {Provided by the SAO/NASA Astrophysics Data System}
  }
@ARTICLE{CathWedge,
   author = {{Trott}, C.~M. and {Wayth}, R.~B. and {Tingay}, S.~J.},
    title = "{The Impact of Point-source Subtraction Residuals on 21 cm Epoch of Reionization Estimation}",
  journal = {\apj},
archivePrefix = "arXiv",
   eprint = {1208.0646},
 primaryClass = "astro-ph.CO",
 keywords = {early universe, methods: analytical, techniques: interferometric},
     year = 2012,
    month = sep,
   volume = 757,
      eid = {101},
    pages = {101},
      doi = {10.1088/0004-637X/757/1/101},
   adsurl = {http://adsabs.harvard.edu/abs/2012ApJ...757..101T},
  adsnote = {Provided by the SAO/NASA Astrophysics Data System}
}
@ARTICLE{AdrianWedge1,
   author = {{Liu}, A. and {Parsons}, A.~R. and {Trott}, C.~M.},
    title = "{Epoch of reionization window. I. Mathematical formalism}",
  journal = {Phys. Rev. D},
archivePrefix = "arXiv",
   eprint = {1404.2596},
 keywords = {Observation and data reduction techniques, computer modeling and simulation, Mathematical procedures and computer techniques, Cosmology, Observational cosmology},
     year = 2014,
    month = jul,
   volume = 90,
   number = 2,
      eid = {023018},
    pages = {023018},
      doi = {10.1103/PhysRevD.90.023018},
   adsurl = {http://adsabs.harvard.edu/abs/2014PhRvD..90b3018L},
  adsnote = {Provided by the SAO/NASA Astrophysics Data System}
}
@ARTICLE{AdrianWedge2,
   author = {{Liu}, A. and {Parsons}, A.~R. and {Trott}, C.~M.},
    title = "{Epoch of reionization window. II. Statistical methods for foreground wedge reduction}",
  journal = {Phys. Rev. D},
archivePrefix = "arXiv",
   eprint = {1404.4372},
 keywords = {Observation and data reduction techniques, computer modeling and simulation, Mathematical procedures and computer techniques, Cosmology, Observational cosmology},
     year = 2014,
    month = jul,
   volume = 90,
   number = 2,
      eid = {023019},
    pages = {023019},
      doi = {10.1103/PhysRevD.90.023019},
   adsurl = {http://adsabs.harvard.edu/abs/2014PhRvD..90b3019L},
  adsnote = {Provided by the SAO/NASA Astrophysics Data System}
}

@ARTICLE{21cmfast,
   author = {{Mesinger}, A. and {Furlanetto}, S. and {Cen}, R.},
    title = "{21CMFAST: a fast, seminumerical simulation of the high-redshift 21-cm signal}",
  journal = {\mnras},
archivePrefix = "arXiv",
   eprint = {1003.3878},
 keywords = {methods: numerical, galaxies: high redshift, dark ages, reionization, first stars, diffuse radiation, early Universe, large-scale structure of Universe},
     year = 2011,
    month = feb,
   volume = 411,
    pages = {955-972},
      doi = {10.1111/j.1365-2966.2010.17731.x},
   adsurl = {http://adsabs.harvard.edu/abs/2011MNRAS.411..955M},
  adsnote = {Provided by the SAO/NASA Astrophysics Data System}
}

@ARTICLE{braun2013,
  AUTHOR = "Braun, R.",
  TITLE  = "Understanding synthesis imaging dynamic range",
  JOURNAL = "Astronomy and Astrophysics",
  volume = "551",
  number = "A91",
  YEAR = "2013"
}
@ARTICLE{parsonsoptimalfringeratefiltering,
   author = {{Parsons}, A.~R. and {Liu}, A. and {Ali}, Z.~S. and {Cheng}, C.
	},
    title = "{Optimized Beam Sculpting with Generalized Fringe-Rate Filters}",
  journal = {ArXiv e-prints},
archivePrefix = "arXiv",
   eprint = {1503.05564},
 primaryClass = "astro-ph.IM",
 keywords = {Astrophysics - Instrumentation and Methods for Astrophysics, Astrophysics - Cosmology and Nongalactic Astrophysics},
     year = 2015,
    month = mar,
   adsurl = {http://adsabs.harvard.edu/abs/2015arXiv150305564P},
  adsnote = {Provided by the SAO/NASA Astrophysics Data System}
}


@ARTICLE{shaw15,
   author = {{Shaw}, J.~R. and {Sigurdson}, K. and {Sitwell}, M. and {Stebbins}, A. and 
	{Pen}, U.-L.},
    title = "{Coaxing cosmic 21 cm fluctuations from the polarized sky using m -mode analysis}",
  journal = {\prd},
archivePrefix = "arXiv",
   eprint = {1401.2095},
 keywords = {Cosmology, Observational cosmology},
     year = 2015,
    month = apr,
   volume = 91,
   number = 8,
      eid = {083514},
    pages = {083514},
      doi = {10.1103/PhysRevD.91.083514},
   adsurl = {http://adsabs.harvard.edu/abs/2015PhRvD..91h3514S},
  adsnote = {Provided by the SAO/NASA Astrophysics Data System}
}
@INPROCEEDINGS{newburgh14,
   author = {{Newburgh}, L.~B. and {Addison}, G.~E. and {Amiri}, M. and {Bandura}, K. and 
	{Bond}, J.~R. and {Connor}, L. and {Cliche}, J.-F. and {Davis}, G. and 
	{Deng}, M. and {Denman}, N. and {Dobbs}, M. and {Fandino}, M. and 
	{Fong}, H. and {Gibbs}, K. and {Gilbert}, A. and {Griffin}, E. and 
	{Halpern}, M. and {Hanna}, D. and {Hincks}, A.~D. and {Hinshaw}, G. and 
	{H{\"o}fer}, C. and {Klages}, P. and {Landecker}, T. and {Masui}, K. and 
	{Parra}, J.~M. and {Pen}, U.-L. and {Peterson}, J. and {Recnik}, A. and 
	{Shaw}, J.~R. and {Sigurdson}, K. and {Sitwell}, M. and {Smecher}, G. and 
	{Smegal}, R. and {Vanderlinde}, K. and {Wiebe}, D.},
    title = "{Calibrating CHIME: a new radio interferometer to probe dark energy}",
booktitle = {Ground-based and Airborne Telescopes V},
     year = 2014,
   series = {\procspie},
   volume = 9145,
archivePrefix = "arXiv",
   eprint = {1406.2267},
 primaryClass = "astro-ph.IM",
    month = jul,
      eid = {91454V},
    pages = {91454V},
      doi = {10.1117/12.2056962},
   adsurl = {http://adsabs.harvard.edu/abs/2014SPIE.9145E..4VN},
  adsnote = {Provided by the SAO/NASA Astrophysics Data System}
}

@article{sumss,
  author={D. C.-J. Bock and M. I. Large and Elaine M. Sadler},
  title={SUMSS: A Wide-Field Radio Imaging Survey of the Southern Sky. I. Science Goals, Survey Design, and Instrumentation},
  journal={The Astronomical Journal},
  volume={117},
  number={3},
  pages={1578},
  url={http://stacks.iop.org/1538-3881/117/i=3/a=1578},
  year={1999},
  abstract={The Molonglo Observatory Synthesis Telescope, operating at 843 MHz with a 5 deg 2 field of view, is carrying out a radio imaging survey of the sky south of declination -30°. This survey (the Sydney University Molonglo Sky Survey, or SUMSS) produces images with a resolution of 43'' × 43'' csc |δ| and an rms noise level of ~1 mJy beam -1 . The SUMSS is therefore similar in sensitivity and resolution to the northern NRAO VLA Sky Survey. The survey is progressing at a rate of about 1000 deg 2 per year, yielding individual and statistical data for many thousands of weak radio sources. This paper describes the main characteristics of the survey and presents sample images from the first year of observations.}
}
@article{sumss2,
author = {Mauch, T. and Murphy, T. and Buttery, H. J. and Curran, J. and Hunstead, R. W. and Piestrzynski, B. and Robertson, J. G. and Sadler, E. M.}, 
title = {SUMSS: a wide-field radio imaging survey of the southern sky – II. The source catalogue},
volume = {342}, 
number = {4}, 
pages = {1117-1130}, 
year = {2003}, 
doi = {10.1046/j.1365-8711.2003.06605.x}, 
abstract ={This paper is the second in a series describing the Sydney University Molonglo Sky Survey (SUMSS) being carried out at 843 MHz with the Molonglo Observatory Synthesis Telescope (MOST). The survey will consist of ∼590 4.3°× 4.3° mosaic images with 45 × 45 cosec|δ| arcsec2 resolution, and a source catalogue. In this paper we describe the initial release (version 1.0) of the source catalogue consisting of 107 765 radio sources made by fitting elliptical Gaussians in 271 SUMSS 4.3°× 4.3° mosaics to a limiting peak brightness of 6 mJy beam−1 at δ≤−50° and 10 mJy beam−1 at δ > −50°. The catalogue covers approximately 3500 deg2 of the southern sky with δ≤−30°, about 43 per cent of the total survey area. Positions in the catalogue are accurate to within 1–2 arcsec for sources with peak brightness A843≥ 20 mJy beam−1 and are always better than 10 arcsec. The internal flux density scale is accurate to within 3 per cent. Image artefacts have been classified using a decision tree, which correctly identifies and rejects spurious sources in over 96 per cent of cases. Analysis of the catalogue shows that it is highly uniform and is complete to 8 mJy at δ≤−50° and 18 mJy at δ > −50°. In this release of the catalogue about 7000 sources are found in the overlap region with the National Radio Astronomy Observatories Very Large Array Sky Survey at 1.4 GHz. We calculate a median spectral index of α=−0.83 between 1.4 GHz and 843 MHz. This version of the catalogue will be released via the World Wide Web with future updates as new mosaics are released.}, 
URL = {http://mnras.oxfordjournals.org/content/342/4/1117.abstract}, 
eprint = {http://mnras.oxfordjournals.org/content/342/4/1117.full.pdf+html}, 
journal = {Monthly Notices of the Royal Astronomical Society} 
}
@article{nvss,
  author={J. J. Condon and W. D. Cotton and E. W. Greisen and Q. F. Yin and R. A. Perley and G. B. Taylor and J. J. Broderick},
  title={The NRAO VLA Sky Survey},
  journal={The Astronomical Journal},
  volume={115},
  number={5},
  pages={1693},
  url={http://stacks.iop.org/1538-3881/115/i=5/a=1693},
  year={1998},
  abstract={     The NRAO VLA Sky Survey (NVSS) covers the sky north of J2000.0 δ = -40° (82% of the celestial sphere) at 1.4 GHz. The principal data products are (1) a set of 2326 4° × 4° continuum "cubes" with three planes containing Stokes I , Q , and U images plus (2) a catalog of almost 2 × 10 6 discrete sources stronger than S ≈ 2.5 mJy. The images all have θ = 45'' FWHM resolution and nearly uniform sensitivity. Their rms brightness fluctuations are σ ≈ 0.45 mJy beam -1 ≈ 0.14 K (Stokes I ) and σ ≈ 0.29 mJy beam -1 ≈ 0.09 K (Stokes Q and U ). The rms uncertainties in right ascension and declination vary from ##IMG## [http://ej.iop.org/icons/Entities/lesssim.gif] {lesssim} 1'' for the N ≈ 4 × 10 5 sources stronger than 15 mJy to 7'' at the survey limit. The NVSS was made as a service to the astronomical community. All data products, user software, and updates are being released via the World Wide Web as soon as they are produced and verified.}
}
	
	
@techreport{dishmemo,
author = "A.R. Parsons and D. DeBoer",
title = "Configuration of the HERA Element",
type = "Technical Memo",
number = "5",
institution = "Dept. of Astronomy, University of California",
address = "Berkeley, CA",
month = aug,
year = "2015"}
@techreport{feedoptimizationmemo,
author = "D. DeBoer",
title = "HERA Phase I Feed Design",
type = "Technical Memo",
number = "11",
institution = "Dept. of Astronomy, University of California",
address = "Berkeley, CA",
month = dec,
year = "2015"}

@unpublished{nithya16,
  AUTHOR       = {Nithyanandan Thyagarajan and others},
  YEAR         = {2016},
  NOTE         = {in preparation}
}
@unpublished{ewallwice16,
  AUTHOR       = {Aaron Ewall-Wice and others},
  YEAR         = {2016},
  NOTE         = {in preparation}
}
@unpublished{patra16,
  AUTHOR       = {Nipanjana Patra and others},
  YEAR         = {2016},
  NOTE         = {in preparation}
}

@unpublished{deboer16,
  AUTHOR       = {D. DeBoer and others},
  YEAR         = {2016},
  NOTE         = {in preparation}
}

@unpublished{dillonparsons16,
  AUTHOR       = {J. S. Dillon and Aaron R. Parsons},
  YEAR         = {2016},
  NOTE         = {in preparation}
}


@Article{neben16,
  author  = "Abraham R. Neben", 
  year    = "2016 in press",
  journal = "Astrophysical Journal"}


