@preamble{ " \newcommand{\noop}[1]{} " } % a do-nothing command that serves a purpose

@ARTICLE{Field:1959,
   author = {{Field}, G.~B.},
    title = "{The Spin Temperature of Intergalactic Neutral Hydrogen.}",
  journal = {\apj},
     year = 1959,
    month = may,
   volume = 129,
    pages = {536},
      doi = {10.1086/146653},
   adsurl = {http://adsabs.harvard.edu/abs/1959ApJ...129..536F},
  adsnote = {Provided by the SAO/NASA Astrophysics Data System}
}

@article{Barry:2016,
author={{Barry},N. and others},
year="\noop{2016} in preparation",
journal={\apj}
}

@ARTICLE{Beardsley:2015b,
author={{Beardsley et al}},
year="\noop{2015} in preparation",
}

@Article{DeBoer:2016,
author={{DeBoer}, D. and others},
year="\noop{2016}submitted",
journal={\apj}
}

@ARTICLE{Neben:2016,
author={{Neben et al.}},
year="\noop{2016}submitted",
journal={\apj}
}


@ARTICLE{Thyagarajan:2016,
author={{Thyagarajan et al.}},
year="\noop{2015}submitted",
journal={\apj}
}

@ARTICLE{Patra:2016,
author={{Patra et al.}},
year="\noop{2015}in Prep",
journal={\apj}
}

@ARTICLE{Barry:2015,
author={{Barry et al.}},
year="\noop{2015} in preparation",
}

@ARTICLE{Madau:1997,
   author = {{Madau}, P. and {Meiksin}, A. and {Rees}, M.~J.},
    title = "{21 Centimeter Tomography of the Intergalactic Medium at High Redshift}",
  journal = {\apj},
   eprint = {astro-ph/9608010},
 keywords = {Cosmology: Theory, Cosmology: Diffuse Radiation, Galaxies: Intergalactic Medium, Galaxies: Quasars: General, Radio Lines: General},
     year = 1997,
    month = feb,
   volume = 475,
    pages = {429-444},
   adsurl = {http://adsabs.harvard.edu/abs/1997ApJ...475..429M},
  adsnote = {Provided by the SAO/NASA Astrophysics Data System}
}


@ARTICLE{Bowman:2006,
   author = {{Bowman}, J.~D. and {Morales}, M.~F. and {Hewitt}, J.~N.},
    title = "{The Sensitivity of First-Generation Epoch of Reionization Observatories and Their Potential for Differentiating Theoretical Power Spectra}",
  journal = {\apj},
   eprint = {astro-ph/0507357},
 keywords = {Cosmology: Early Universe, Galaxies: Intergalactic Medium- Radio Lines: General, Techniques: Interferometric},
     year = 2006,
    month = feb,
   volume = 638,
    pages = {20-26},
      doi = {10.1086/498703},
   adsurl = {http://adsabs.harvard.edu/abs/2006ApJ...638...20B},
  adsnote = {Provided by the SAO/NASA Astrophysics Data System}
}


@ARTICLE{Greig:2015a,
   author = {{Greig}, B. and {Mesinger}, A.},
    title = "{21CMMC: An MCMC analysis tool enabling astrophysical parameter studies of the cosmic 21cm signal}",
  journal = {ArXiv e-prints},
archivePrefix = "arXiv",
   eprint = {1501.06576},
 keywords = {Astrophysics - Cosmology and Nongalactic Astrophysics},
     year = 2015,
    month = jan,
   adsurl = {http://adsabs.harvard.edu/abs/2015arXiv150106576G},
  adsnote = {Provided by the SAO/NASA Astrophysics Data System}
}


@ARTICLE{Pritchard:2012,
   author = {{Pritchard}, J.~R. and {Loeb}, A.},
    title = "{21 cm cosmology in the 21st century}",
  journal = {Reports on Progress in Physics},
archivePrefix = "arXiv",
   eprint = {1109.6012},
     year = 2012,
    month = aug,
   volume = 75,
   number = 8,
      eid = {086901},
    pages = {086901},
      doi = {10.1088/0034-4885/75/8/086901},
   adsurl = {http://adsabs.harvard.edu/abs/2012RPPh...75h6901P},
  adsnote = {Provided by the SAO/NASA Astrophysics Data System}
}



@ARTICLE{Furlanetto:2010,
   author = {{Furlanetto}, S.~R. and {Stoever}, S.~J.},
    title = "{Secondary ionization and heating by fast electrons}",
  journal = {\mnras},
archivePrefix = "arXiv",
   eprint = {0910.4410},
 keywords = {atomic processes, intergalactic medium, diffuse radiation},
     year = 2010,
    month = jun,
   volume = 404,
    pages = {1869-1878},
      doi = {10.1111/j.1365-2966.2010.16401.x},
   adsurl = {http://adsabs.harvard.edu/abs/2010MNRAS.404.1869F},
  adsnote = {Provided by the SAO/NASA Astrophysics Data System}
}


@ARTICLE{Greig:2015b,
   author = {{Greig}, B. and {Mesinger}, A. and {Pober}, J.~C.},
    title = "{Constraints on the temperature of the intergalactic medium at z=8.4 with 21-cm observations}",
  journal = {ArXiv e-prints},
archivePrefix = "arXiv",
   eprint = {1509.02158},
 keywords = {Astrophysics - Cosmology and Nongalactic Astrophysics},
     year = 2015,
    month = sep,
   adsurl = {http://adsabs.harvard.edu/abs/2015arXiv150902158G},
  adsnote = {Provided by the SAO/NASA Astrophysics Data System}
}


@ARTICLE{Greig:2015c,
   author = {{Greig}, B. and {Mesinger}, A. and {Koopmans}, L.~V.~E.},
    title = "{Optimal core baseline design and observing strategy for probing the astrophysics of reionization with the SKA}",
  journal = {ArXiv e-prints},
archivePrefix = "arXiv",
   eprint = {1509.03312},
 keywords = {Astrophysics - Cosmology and Nongalactic Astrophysics, Astrophysics - Astrophysics of Galaxies},
     year = 2015,
    month = sep,
   adsurl = {http://adsabs.harvard.edu/abs/2015arXiv150903312G},
  adsnote = {Provided by the SAO/NASA Astrophysics Data System}
}


@ARTICLE{Sokolowski:2015,
   author = {{Sokolowski}, M. and {Tremblay}, S.~E. and {Wayth}, R.~B. and 
	{Tingay}, S.~J. and {Clarke}, N. and {Roberts}, P. and {Waterson}, M. and 
	{Ekers}, R.~D. and {Hall}, P. and {Lewis}, M. and {Mossammaparast}, M. and 
	{Padhi}, S. and {Schlagenhaufer}, F. and {Sutinjo}, A. and {Tickner}, J.
	},
    title = "{BIGHORNS - Broadband Instrument for Global HydrOgen ReioNisation Signal}",
  journal = {\pasa},
archivePrefix = "arXiv",
   eprint = {1501.02922},
 primaryClass = "astro-ph.IM",
 keywords = {cosmology: observations, dark ages, reionisation, first stars, instrumentation: miscellaneous, methods: data analysis, methods: observational},
     year = 2015,
    month = feb,
   volume = 32,
      eid = {e004},
    pages = {4},
      doi = {10.1017/pasa.2015.3},
   adsurl = {http://adsabs.harvard.edu/abs/2015PASA...32....4S},
  adsnote = {Provided by the SAO/NASA Astrophysics Data System}
}

@ARTICLE{Bowman:2010,
   author = {{Bowman}, J.~D. and {Rogers}, A.~E.~E.},
    title = "{A lower limit of {$\Delta$}z{\gt}0.06 for the duration of the reionization epoch}",
  journal = {\nat},
archivePrefix = "arXiv",
   eprint = {1209.1117},
     year = 2010,
    month = dec,
   volume = 468,
    pages = {796-798},
      doi = {10.1038/nature09601},
   adsurl = {http://adsabs.harvard.edu/abs/2010Natur.468..796B},
  adsnote = {Provided by the SAO/NASA Astrophysics Data System}
}



@ARTICLE{Burns:2012,
   author = {{Burns}, J.~O. and {Lazio}, J. and {Bale}, S. and {Bowman}, J. and 
	{Bradley}, R. and {Carilli}, C. and {Furlanetto}, S. and {Harker}, G. and 
	{Loeb}, A. and {Pritchard}, J.},
    title = "{Probing the first stars and black holes in the early Universe with the Dark Ages Radio Explorer (DARE)}",
  journal = {Advances in Space Research},
archivePrefix = "arXiv",
   eprint = {1106.5194},
     year = 2012,
    month = feb,
   volume = 49,
    pages = {433-450},
      doi = {10.1016/j.asr.2011.10.014},
   adsurl = {http://adsabs.harvard.edu/abs/2012AdSpR..49..433B},
  adsnote = {Provided by the SAO/NASA Astrophysics Data System}
}




@ARTICLE{Greenhill:2012,
   author = {{Greenhill}, L.~J. and {Bernardi}, G.},
    title = "{HI Epoch of Reionization Arrays}",
  journal = {ArXiv e-prints},
archivePrefix = "arXiv",
   eprint = {1201.1700},
 primaryClass = "astro-ph.CO",
 keywords = {Astrophysics - Cosmology and Extragalactic Astrophysics, Astrophysics - Instrumentation and Methods for Astrophysics},
     year = 2012,
    month = jan,
   adsurl = {http://adsabs.harvard.edu/abs/2012arXiv1201.1700G},
  adsnote = {Provided by the SAO/NASA Astrophysics Data System}
}

@ARTICLE{Voytek:2014,
   author = {{Voytek}, T.~C. and {Natarajan}, A. and {J{\'a}uregui Garc{\'{\i}}a}, J.~M. and 
	{Peterson}, J.~B. and {L{\'o}pez-Cruz}, O.},
    title = "{Probing the Dark Ages at z \~{} 20: The SCI-HI 21 cm All-sky Spectrum Experiment}",
  journal = {\apjl},
archivePrefix = "arXiv",
   eprint = {1311.0014},
 keywords = {cosmology: observations, dark ages, reionization, first stars, methods: observational, radio continuum: general},
     year = 2014,
    month = feb,
   volume = 782,
      eid = {L9},
    pages = {L9},
      doi = {10.1088/2041-8205/782/1/L9},
   adsurl = {http://adsabs.harvard.edu/abs/2014ApJ...782L...9V},
  adsnote = {Provided by the SAO/NASA Astrophysics Data System}
}


@ARTICLE{Mauch:2003,
   author = {{Mauch}, T. and {Murphy}, T. and {Buttery}, H.~J. and {Curran}, J. and 
	{Hunstead}, R.~W. and {Piestrzynski}, B. and {Robertson}, J.~G. and 
	{Sadler}, E.~M.},
    title = "{SUMSS: a wide-field radio imaging survey of the southern sky - II. The source catalogue}",
  journal = {\mnras},
   eprint = {astro-ph/0303188},
 keywords = {methods: data analysis, catalogues, surveys, astrometry, galaxies: statistics, radio continuum: general},
     year = 2003,
    month = jul,
   volume = 342,
    pages = {1117-1130},
      doi = {10.1046/j.1365-8711.2003.06605.x},
   adsurl = {http://adsabs.harvard.edu/abs/2003MNRAS.342.1117M},
  adsnote = {Provided by the SAO/NASA Astrophysics Data System}
}



@ARTICLE{Bock:1999,
   author = {{Bock}, D.~C.-J. and {Large}, M.~I. and {Sadler}, E.~M.},
    title = "{SUMSS: A Wide-Field Radio Imaging Survey of the Southern Sky. I. Science Goals, Survey Design, and Instrumentation}",
  journal = {\aj},
   eprint = {astro-ph/9812083},
 keywords = {INSTRUMENTATION: INTERFEROMETERS, RADIO CONTINUUM, SURVEYS},
     year = 1999,
    month = mar,
   volume = 117,
    pages = {1578-1593},
      doi = {10.1086/300786},
   adsurl = {http://adsabs.harvard.edu/abs/1999AJ....117.1578B},
  adsnote = {Provided by the SAO/NASA Astrophysics Data System}
}


@ARTICLE{Thyagarajan:2013,
   author = {{Thyagarajan}, N. and {Udaya Shankar}, N. and {Subrahmanyan}, R. and 
	{Arcus}, W. and {Bernardi}, G. and {Bowman}, J.~D. and {Briggs}, F. and 
	{Bunton}, J.~D. and {Cappallo}, R.~J. and {Corey}, B.~E. and 
	{deSouza}, L. and {Emrich}, D. and {Gaensler}, B.~M. and {Goeke}, R.~F. and 
	{Greenhill}, L.~J. and {Hazelton}, B.~J. and {Herne}, D. and 
	{Hewitt}, J.~N. and {Johnston-Hollitt}, M. and {Kaplan}, D.~L. and 
	{Kasper}, J.~C. and {Kincaid}, B.~B. and {Koenig}, R. and {Kratzenberg}, E. and 
	{Lonsdale}, C.~J. and {Lynch}, M.~J. and {McWhirter}, S.~R. and 
	{Mitchell}, D.~A. and {Morales}, M.~F. and {Morgan}, E.~H. and 
	{Oberoi}, D. and {Ord}, S.~M. and {Pathikulangara}, J. and {Remillard}, R.~A. and 
	{Rogers}, A.~E.~E. and {Anish Roshi}, D. and {Salah}, J.~E. and 
	{Sault}, R.~J. and {Srivani}, K.~S. and {Stevens}, J.~B. and 
	{Thiagaraj}, P. and {Tingay}, S.~J. and {Wayth}, R.~B. and {Waterson}, M. and 
	{Webster}, R.~L. and {Whitney}, A.~R. and {Williams}, A.~J. and 
	{Williams}, C.~L. and {Wyithe}, J.~S.~B.},
    title = "{A Study of Fundamental Limitations to Statistical Detection of Redshifted H I from the Epoch of Reionization}",
  journal = {\apj},
archivePrefix = "arXiv",
   eprint = {1308.0565},
 keywords = {dark ages, reionization, first stars, large-scale structure of universe, methods: statistical, radio continuum: galaxies, radio lines: general, techniques: interferometric},
     year = 2013,
    month = oct,
   volume = 776,
      eid = {6},
    pages = {6},
      doi = {10.1088/0004-637X/776/1/6},
   adsurl = {http://adsabs.harvard.edu/abs/2013ApJ...776....6T},
  adsnote = {Provided by the SAO/NASA Astrophysics Data System}
}


@ARTICLE{Condon:1998,
   author = {{Condon}, J.~J. and {Cotton}, W.~D. and {Greisen}, E.~W. and 
	{Yin}, Q.~F. and {Perley}, R.~A. and {Taylor}, G.~B. and {Broderick}, J.~J.
	},
    title = "{The NRAO VLA Sky Survey}",
  journal = {\aj},
 keywords = {CATALOGS, METHODS: DATA ANALYSIS, METHODS: OBSERVATIONAL, RADIO CONTINUUM, SURVEYS},
     year = 1998,
    month = may,
   volume = 115,
    pages = {1693-1716},
      doi = {10.1086/300337},
   adsurl = {http://adsabs.harvard.edu/abs/1998AJ....115.1693C},
  adsnote = {Provided by the SAO/NASA Astrophysics Data System}
}


@ARTICLE{deOliveiraCosta:2008,
   author = {{de Oliveira-Costa}, A. and {Tegmark}, M. and {Gaensler}, B.~M. and 
	{Jonas}, J. and {Landecker}, T.~L. and {Reich}, P.},
    title = "{A model of diffuse Galactic radio emission from 10 MHz to 100 GHz}",
  journal = {\mnras},
archivePrefix = "arXiv",
   eprint = {0802.1525},
 keywords = {methods: data analysis , astronomical data bases: miscellaneous , ISM: structure , diffuse radiation , radio continuum: ISM},
     year = 2008,
    month = jul,
   volume = 388,
    pages = {247-260},
      doi = {10.1111/j.1365-2966.2008.13376.x},
   adsurl = {http://adsabs.harvard.edu/abs/2008MNRAS.388..247D},
  adsnote = {Provided by the SAO/NASA Astrophysics Data System}
}


@ARTICLE{Thyagarajan:2015a,
   author = {{Thyagarajan}, N. and {Jacobs}, D.~C. and {Bowman}, J.~D. and 
	{Barry}, N. and {Beardsley}, A.~P. and {Bernardi}, G. and {Briggs}, F. and 
	{Cappallo}, R.~J. and {Carroll}, P. and {Corey}, B.~E. and {de Oliveira-Costa}, A. and 
	{Dillon}, J.~S. and {Emrich}, D. and {Ewall-Wice}, A. and {Feng}, L. and 
	{Goeke}, R. and {Greenhill}, L.~J. and {Hazelton}, B.~J. and 
	{Hewitt}, J.~N. and {Hurley-Walker}, N. and {Johnston-Hollitt}, M. and 
	{Kaplan}, D.~L. and {Kasper}, J.~C. and {Kim}, H.-S. and {Kittiwisit}, P. and 
	{Kratzenberg}, E. and {Lenc}, E. and {Line}, J. and {Loeb}, A. and 
	{Lonsdale}, C.~J. and {Lynch}, M.~J. and {McKinley}, B. and 
	{McWhirter}, S.~R. and {Mitchell}, D.~A. and {Morales}, M.~F. and 
	{Morgan}, E. and {Neben}, A.~R. and {Oberoi}, D. and {Offringa}, A.~R. and 
	{Ord}, S.~M. and {Paul}, S. and {Pindor}, B. and {Pober}, J.~C. and 
	{Prabu}, T. and {Procopio}, P. and {Riding}, J. and {Rogers}, A.~E.~E. and 
	{Roshi}, A. and {Udaya Shankar}, N. and {Sethi}, S.~K. and {Srivani}, K.~S. and 
	{Subrahmanyan}, R. and {Sullivan}, I.~S. and {Tegmark}, M. and 
	{Tingay}, S.~J. and {Trott}, C.~M. and {Waterson}, M. and {Wayth}, R.~B. and 
	{Webster}, R.~L. and {Whitney}, A.~R. and {Williams}, A. and 
	{Williams}, C.~L. and {Wu}, C. and {Wyithe}, J.~S.~B.},
    title = "{Foregrounds in Wide-field Redshifted 21 cm Power Spectra}",
  journal = {\apj},
archivePrefix = "arXiv",
   eprint = {1502.07596},
 primaryClass = "astro-ph.IM",
 keywords = {cosmology: observations, dark ages, reionization, first stars, large-scale structure of universe, methods: statistical, radio continuum: galaxies, techniques: interferometric},
     year = 2015,
    month = may,
   volume = 804,
      eid = {14},
    pages = {14},
      doi = {10.1088/0004-637X/804/1/14},
   adsurl = {http://adsabs.harvard.edu/abs/2015ApJ...804...14T},
  adsnote = {Provided by the SAO/NASA Astrophysics Data System}
}

@ARTICLE{Thyagarajan:2015b,
   author = {{Thyagarajan}, N. and {Jacobs}, D.~C. and {Bowman}, J.~D. and 
	{Barry}, N. and {Beardsley}, A.~P. and {Bernardi}, G. and {Briggs}, F. and 
	{Cappallo}, R.~J. and {Carroll}, P. and {Deshpande}, A.~A. and 
	{de Oliveira-Costa}, A. and {Dillon}, J.~S. and {Ewall-Wice}, A. and 
	{Feng}, L. and {Greenhill}, L.~J. and {Hazelton}, B.~J. and 
	{Hernquist}, L. and {Hewitt}, J.~N. and {Hurley-Walker}, N. and 
	{Johnston-Hollitt}, M. and {Kaplan}, D.~L. and {Kim}, H.-S. and 
	{Kittiwisit}, P. and {Lenc}, E. and {Line}, J. and {Loeb}, A. and 
	{Lonsdale}, C.~J. and {McKinley}, B. and {McWhirter}, S.~R. and 
	{Mitchell}, D.~A. and {Morales}, M.~F. and {Morgan}, E. and 
	{Neben}, A.~R. and {Oberoi}, D. and {Offringa}, A.~R. and {Ord}, S.~M. and 
	{Paul}, S. and {Pindor}, B. and {Pober}, J.~C. and {Prabu}, T. and 
	{Procopio}, P. and {Riding}, J. and {Udaya Shankar}, N. and 
	{Sethi}, S.~K. and {Srivani}, K.~S. and {Subrahmanyan}, R. and 
	{Sullivan}, I.~S. and {Tegmark}, M. and {Tingay}, S.~J. and 
	{Trott}, C.~M. and {Wayth}, R.~B. and {Webster}, R.~L. and {Williams}, A. and 
	{Williams}, C.~L. and {Wyithe}, J.~S.~B.},
    title = "{Confirmation of Wide-field Signatures in Redshifted 21 cm Power Spectra}",
  journal = {\apjl},
archivePrefix = "arXiv",
   eprint = {1506.06150},
 keywords = {cosmology: observations, dark ages, reionization, first stars, large-scale structure of universe, methods: statistical, radio continuum: galaxies, techniques: interferometric},
     year = 2015,
    month = jul,
   volume = 807,
      eid = {L28},
    pages = {L28},
      doi = {10.1088/2041-8205/807/2/L28},
   adsurl = {http://adsabs.harvard.edu/abs/2015ApJ...807L..28T},
  adsnote = {Provided by the SAO/NASA Astrophysics Data System}
}


@ARTICLE{Fixsen:2011,
   author = {{Fixsen}, D.~J. and {Kogut}, A. and {Levin}, S. and {Limon}, M. and 
	{Lubin}, P. and {Mirel}, P. and {Seiffert}, M. and {Singal}, J. and 
	{Wollack}, E. and {Villela}, T. and {Wuensche}, C.~A.},
    title = "{ARCADE 2 Measurement of the Absolute Sky Brightness at 3-90 GHz}",
  journal = {\apj},
 keywords = {cosmic background radiation, diffuse radiation, radio continuum: general},
     year = 2011,
    month = jun,
   volume = 734,
      eid = {5},
    pages = {5},
      doi = {10.1088/0004-637X/734/1/5},
   adsurl = {http://adsabs.harvard.edu/abs/2011ApJ...734....5F},
  adsnote = {Provided by the SAO/NASA Astrophysics Data System}
}



@ARTICLE{Okamoto:2008,
   author = {{Okamoto}, T. and {Gao}, L. and {Theuns}, T.},
    title = "{Mass loss of galaxies due to an ultraviolet background}",
  journal = {\mnras},
archivePrefix = "arXiv",
   eprint = {0806.0378},
 keywords = {methods: numerical , galaxies: evolution , galaxies: formation , cosmology: theory},
     year = 2008,
    month = nov,
   volume = 390,
    pages = {920-928},
      doi = {10.1111/j.1365-2966.2008.13830.x},
   adsurl = {http://adsabs.harvard.edu/abs/2008MNRAS.390..920O},
  adsnote = {Provided by the SAO/NASA Astrophysics Data System}
}



@ARTICLE{Pober:2014,
   author = {{Pober}, J.~C. and {Liu}, A. and {Dillon}, J.~S. and {Aguirre}, J.~E. and 
	{Bowman}, J.~D. and {Bradley}, R.~F. and {Carilli}, C.~L. and 
	{DeBoer}, D.~R. and {Hewitt}, J.~N. and {Jacobs}, D.~C. and 
	{McQuinn}, M. and {Morales}, M.~F. and {Parsons}, A.~R. and 
	{Tegmark}, M. and {Werthimer}, D.~J.},
    title = "{What Next-generation 21 cm Power Spectrum Measurements can Teach us About the Epoch of Reionization}",
  journal = {\apj},
archivePrefix = "arXiv",
   eprint = {1310.7031},
 keywords = {dark ages, reionization, first stars, techniques: interferometric},
     year = 2014,
    month = feb,
   volume = 782,
      eid = {66},
    pages = {66},
      doi = {10.1088/0004-637X/782/2/66},
   adsurl = {http://adsabs.harvard.edu/abs/2014ApJ...782...66P},
  adsnote = {Provided by the SAO/NASA Astrophysics Data System}
}
@ARTICLE{Mesinger:2014,
   author = {{Mesinger}, A. and {Ewall-Wice}, A. and {Hewitt}, J.},
    title = "{Reionization and beyond: detecting the peaks of the cosmological 21 cm signal}",
  journal = {\mnras},
archivePrefix = "arXiv",
   eprint = {1310.0465},
 keywords = {galaxies: high-redshift, intergalactic medium, dark ages, reionization, first stars, diffuse radiation, early Universe, X-rays: diffuse background},
     year = 2014,
    month = apr,
   volume = 439,
    pages = {3262-3274},
      doi = {10.1093/mnras/stu125},
   adsurl = {http://adsabs.harvard.edu/abs/2014MNRAS.439.3262M},
  adsnote = {Provided by the SAO/NASA Astrophysics Data System}
}
@ARTICLE{Songaila:2010,
   author = {{Songaila}, A. and {Cowie}, L.~L.},
    title = "{The Evolution of Lyman Limit Absorption Systems to Redshift Six}",
  journal = {\apj},
archivePrefix = "arXiv",
   eprint = {1007.3262},
 keywords = {cosmology: observations, early universe, galaxies: evolution, galaxies: formation, quasars: absorption lines},
     year = 2010,
    month = oct,
   volume = 721,
    pages = {1448-1466},
      doi = {10.1088/0004-637X/721/2/1448},
   adsurl = {http://adsabs.harvard.edu/abs/2010ApJ...721.1448S},
  adsnote = {Provided by the SAO/NASA Astrophysics Data System}
}


@ARTICLE{Cowie:2012,
   author = {{Cowie}, L.~L. and {Barger}, A.~J. and {Hasinger}, G.},
    title = "{The Faintest X-Ray Sources from z = 0 TO 8}",
  journal = {\apj},
archivePrefix = "arXiv",
   eprint = {1110.3326},
 keywords = {cosmology: observations, galaxies: active, galaxies: distances and redshifts, galaxies: evolution, galaxies: starburst},
     year = 2012,
    month = mar,
   volume = 748,
      eid = {50},
    pages = {50},
      doi = {10.1088/0004-637X/748/1/50},
   adsurl = {http://adsabs.harvard.edu/abs/2012ApJ...748...50C},
  adsnote = {Provided by the SAO/NASA Astrophysics Data System}
}





@ARTICLE{Xue:2011,
   author = {{Xue}, Y.~Q. and {Luo}, B. and {Brandt}, W.~N. and {Bauer}, F.~E. and 
	{Lehmer}, B.~D. and {Broos}, P.~S. and {Schneider}, D.~P. and 
	{Alexander}, D.~M. and {Brusa}, M. and {Comastri}, A. and {Fabian}, A.~C. and 
	{Gilli}, R. and {Hasinger}, G. and {Hornschemeier}, A.~E. and 
	{Koekemoer}, A. and {Liu}, T. and {Mainieri}, V. and {Paolillo}, M. and 
	{Rafferty}, D.~A. and {Rosati}, P. and {Shemmer}, O. and {Silverman}, J.~D. and 
	{Smail}, I. and {Tozzi}, P. and {Vignali}, C.},
    title = "{The Chandra Deep Field-South Survey: 4 Ms Source Catalogs}",
  journal = {\apjs},
archivePrefix = "arXiv",
   eprint = {1105.5643},
 keywords = {cosmology: observations, diffuse radiation, galaxies: active, surveys, X-rays: galaxies},
     year = 2011,
    month = jul,
   volume = 195,
      eid = {10},
    pages = {10},
      doi = {10.1088/0067-0049/195/1/10},
   adsurl = {http://adsabs.harvard.edu/abs/2011ApJS..195...10X},
  adsnote = {Provided by the SAO/NASA Astrophysics Data System}
}



@ARTICLE{Basu-Zych:2013,
   author = {{Basu-Zych}, A.~R. and {Lehmer}, B.~D. and {Hornschemeier}, A.~E. and 
	{Bouwens}, R.~J. and {Fragos}, T. and {Oesch}, P.~A. and {Belczynski}, K. and 
	{Brandt}, W.~N. and {Kalogera}, V. and {Luo}, B. and {Miller}, N. and 
	{Mullaney}, J.~R. and {Tzanavaris}, P. and {Xue}, Y. and {Zezas}, A.
	},
    title = "{The X-Ray Star Formation Story as Told by Lyman Break Galaxies in the 4 Ms CDF-S}",
  journal = {\apj},
archivePrefix = "arXiv",
   eprint = {1210.3357},
 keywords = {galaxies: active, galaxies: high-redshift, Galaxy: evolution, stars: evolution, X-rays: binaries},
     year = 2013,
    month = jan,
   volume = 762,
      eid = {45},
    pages = {45},
      doi = {10.1088/0004-637X/762/1/45},
   adsurl = {http://adsabs.harvard.edu/abs/2013ApJ...762...45B},
  adsnote = {Provided by the SAO/NASA Astrophysics Data System}
}

@ARTICLE{Fragos:2013,
   author = {{Fragos}, T. and {Lehmer}, B. and {Tremmel}, M. and {Tzanavaris}, P. and 
	{Basu-Zych}, A. and {Belczynski}, K. and {Hornschemeier}, A. and 
	{Jenkins}, L. and {Kalogera}, V. and {Ptak}, A. and {Zezas}, A.
	},
    title = "{X-Ray Binary Evolution Across Cosmic Time}",
  journal = {\apj},
archivePrefix = "arXiv",
   eprint = {1206.2395},
 primaryClass = "astro-ph.HE",
 keywords = {binaries: close, galaxies: stellar content, stars: evolution, X-rays: binaries, X-rays: diffuse background, X-rays: galaxies },
     year = 2013,
    month = feb,
   volume = 764,
      eid = {41},
    pages = {41},
      doi = {10.1088/0004-637X/764/1/41},
   adsurl = {http://adsabs.harvard.edu/abs/2013ApJ...764...41F},
  adsnote = {Provided by the SAO/NASA Astrophysics Data System}
}



@ARTICLE{EwallWice:2014,
   author = {{Ewall-Wice}, A. and {Dillon}, J.~S. and {Mesinger}, A. and 
	{Hewitt}, J.},
    title = "{Detecting the 21 cm forest in the 21 cm power spectrum}",
  journal = {\mnras},
archivePrefix = "arXiv",
   eprint = {1310.7936},
 keywords = {early Universe, radio continuum: galaxies, X-rays: galaxies},
     year = 2014,
    month = jul,
   volume = 441,
    pages = {2476-2496},
      doi = {10.1093/mnras/stu666},
   adsurl = {http://adsabs.harvard.edu/abs/2014MNRAS.441.2476E},
  adsnote = {Provided by the SAO/NASA Astrophysics Data System}
}



@ARTICLE{EwallWice:2015a_short,
author={{Ewall-Wice}, A. and {Dillon}, J.~S. and {Hewitt}, J.~N. and {Loeb}, A. and {Mesinger}, A.  and {59 co-authors}},
year="2015",
title="{First Limits on the 21\,cm Power Spectrum during the Epoch of X-ray Heating.}",
journal="{Submitted for Publication in MNRAS}"
}


@ARTICLE{EwallWice:2015a,
author={{Ewall-Wice}, A. and {Dillon}, J.~S. and {Hewitt}, J.~N. and {Loeb}, A. and {Mesinger}, A. and {Neben}, A.~R. and {Offringa}, A.~R. and {Tegmark}, M. and {Barry}, N. and {Beardsley}, A.~P. and {Bernardi}, G. and {Bowman}, J. and {Briggs}, F. and {Cappallo}, R.~J. and {Corey}, B.~E. and {de Oliveira-Costa}, A. and {Emrich}, D. and {Feng} L. and {Gaensler}, B.~M. and {Goeke}, R. and {Greenhill}, L.~J. and {Hazelton}, B.~J. and {Hurley-Walker}, N. and {Johnston-Hollitt}, M. and {Jacobs}, D.~C. and {Kaplan}, D.~L. and {Kasper}, J.~C. and {Kim}, HS. and {Kratzenberg}, E. and {Lenc}, E. and {Line}, J. and {Lonsdale}, C.~J. and {Lynch}, M.~J. and {McKinley}, B. and {McWhirter}, S.~R. and {Mitchell}, D.~A. and {Morales}, M.~F. and {Morgan}, E. and {Thyagarajan}, N. and {Oberoi}, D. and {Ord}, S.~M. and {Paul}, S. and {Pindor}, B. and {Pober}, J.~C. and {Prabu}, T. and {Procopio}, P. and {Riding}, J. and {Rogers}, A.~E.~E. and {Roshi}, A. and {Udaya Shankar}, N. and {Sethi}, S.~K. and {Srivani}, K.~S. and {Subrahmanyan}, R. and {Sullivan}, I.~S. and {Tingay}, S.~J. and {Trott}, C.~M. and {Waterson}, M. and {Wayth}, R.~B. and {Webster}, R.~L. and {Whitney}, A.~R. and {Williams}, A. and {Williams}, C.~L. and {Wu}, C. and {Wyithe}, J.~S.~B.},
year="\noop{2015}submitted 2015",
title="{First Limits on the 21\,cm Power Spectrum during the Epoch of X-ray Heating.}",
journal="{Submitted to MNRAS}"
}

@ARTICLE{EwallWice:2015b,
   author = {{Ewall-Wice}, A. and {Hewitt}, J. and {Mesinger}, A. and {Dillon}, J.~S. and 
	{Liu}, A. and {Pober}, J.},
    title = "{Constraining High Redshift X-ray Sources with Next Generation 21 cm Power Spectrum Measurements}",
  journal = {ArXiv e-prints},
archivePrefix = "arXiv",
   eprint = {1511.04101},
 keywords = {Astrophysics - Cosmology and Nongalactic Astrophysics, Astrophysics - Astrophysics of Galaxies},
     year = 2015,
    month = nov,
   adsurl = {http://adsabs.harvard.edu/abs/2015arXiv151104101E},
  adsnote = {Provided by the SAO/NASA Astrophysics Data System}
}



@ARTICLE{Mao:2008,
   author = {{Mao}, Y. and {Tegmark}, M. and {McQuinn}, M. and {Zaldarriaga}, M. and 
	{Zahn}, O.},
    title = "{How accurately can 21cm tomography constrain cosmology?}",
  journal = {\prd},
archivePrefix = "arXiv",
   eprint = {0802.1710},
 keywords = {Observational cosmology, HI regions and 21-cm lines, diffuse translucent and high-velocity clouds},
     year = 2008,
    month = jul,
   volume = 78,
   number = 2,
      eid = {023529},
    pages = {023529},
      doi = {10.1103/PhysRevD.78.023529},
   adsurl = {http://adsabs.harvard.edu/abs/2008PhRvD..78b3529M},
  adsnote = {Provided by the SAO/NASA Astrophysics Data System}
}
@ARTICLE{Tingay:2013a,
   author = {{Tingay}, S.~J. and {Goeke}, R. and {Bowman}, J.~D. and {Emrich}, D. and 
	{Ord}, S.~M. and {Mitchell}, D.~A. and {Morales}, M.~F. and 
	{Booler}, T. and {Crosse}, B. and {Wayth}, R.~B. and {Lonsdale}, C.~J. and 
	{Tremblay}, S. and {Pallot}, D. and {Colegate}, T. and {Wicenec}, A. and 
	{Kudryavtseva}, N. and {Arcus}, W. and {Barnes}, D. and {Bernardi}, G. and 
	{Briggs}, F. and {Burns}, S. and {Bunton}, J.~D. and {Cappallo}, R.~J. and 
	{Corey}, B.~E. and {Deshpande}, A. and {Desouza}, L. and {Gaensler}, B.~M. and 
	{Greenhill}, L.~J. and {Hall}, P.~J. and {Hazelton}, B.~J. and 
	{Herne}, D. and {Hewitt}, J.~N. and {Johnston-Hollitt}, M. and 
	{Kaplan}, D.~L. and {Kasper}, J.~C. and {Kincaid}, B.~B. and 
	{Koenig}, R. and {Kratzenberg}, E. and {Lynch}, M.~J. and {Mckinley}, B. and 
	{Mcwhirter}, S.~R. and {Morgan}, E. and {Oberoi}, D. and {Pathikulangara}, J. and 
	{Prabu}, T. and {Remillard}, R.~A. and {Rogers}, A.~E.~E. and 
	{Roshi}, A. and {Salah}, J.~E. and {Sault}, R.~J. and {Udaya-Shankar}, N. and 
	{Schlagenhaufer}, F. and {Srivani}, K.~S. and {Stevens}, J. and 
	{Subrahmanyan}, R. and {Waterson}, M. and {Webster}, R.~L. and 
	{Whitney}, A.~R. and {Williams}, A. and {Williams}, C.~L. and 
	{Wyithe}, J.~S.~B.},
    title = "{The Murchison Widefield Array: The Square Kilometre Array Precursor at Low Radio Frequencies}",
  journal = {\pasa},
archivePrefix = "arXiv",
   eprint = {1206.6945},
 primaryClass = "astro-ph.IM",
 keywords = {instrumentation: interferometers, techniques: image processing, techniques: interferometric, radio continuum: general, radio lines: general, early Universe},
     year = 2013,
    month = jan,
   volume = 30,
      eid = {e007},
    pages = {7},
      doi = {10.1017/pasa.2012.007},
   adsurl = {http://adsabs.harvard.edu/abs/2013PASA...30....7T},
  adsnote = {Provided by the SAO/NASA Astrophysics Data System}
}
@ARTICLE{VanHaarlem:2013,
   author = {{van Haarlem}, M.~P. and {Wise}, M.~W. and {Gunst}, A.~W. and 
	{Heald}, G. and {McKean}, J.~P. and {Hessels}, J.~W.~T. and 
	{de Bruyn}, A.~G. and {Nijboer}, R. and {Swinbank}, J. and {Fallows}, R. and 
	{Brentjens}, M. and {Nelles}, A. and {Beck}, R. and {Falcke}, H. and 
	{Fender}, R. and {H{\"o}randel}, J. and {Koopmans}, L.~V.~E. and 
	{Mann}, G. and {Miley}, G. and {R{\"o}ttgering}, H. and {Stappers}, B.~W. and 
	{Wijers}, R.~A.~M.~J. and {Zaroubi}, S. and {van den Akker}, M. and 
	{Alexov}, A. and {Anderson}, J. and {Anderson}, K. and {van Ardenne}, A. and 
	{Arts}, M. and {Asgekar}, A. and {Avruch}, I.~M. and {Batejat}, F. and 
	{B{\"a}hren}, L. and {Bell}, M.~E. and {Bell}, M.~R. and {van Bemmel}, I. and 
	{Bennema}, P. and {Bentum}, M.~J. and {Bernardi}, G. and {Best}, P. and 
	{B{\^i}rzan}, L. and {Bonafede}, A. and {Boonstra}, A.-J. and 
	{Braun}, R. and {Bregman}, J. and {Breitling}, F. and {van de Brink}, R.~H. and 
	{Broderick}, J. and {Broekema}, P.~C. and {Brouw}, W.~N. and 
	{Br{\"u}ggen}, M. and {Butcher}, H.~R. and {van Cappellen}, W. and 
	{Ciardi}, B. and {Coenen}, T. and {Conway}, J. and {Coolen}, A. and 
	{Corstanje}, A. and {Damstra}, S. and {Davies}, O. and {Deller}, A.~T. and 
	{Dettmar}, R.-J. and {van Diepen}, G. and {Dijkstra}, K. and 
	{Donker}, P. and {Doorduin}, A. and {Dromer}, J. and {Drost}, M. and 
	{van Duin}, A. and {Eisl{\"o}ffel}, J. and {van Enst}, J. and 
	{Ferrari}, C. and {Frieswijk}, W. and {Gankema}, H. and {Garrett}, M.~A. and 
	{de Gasperin}, F. and {Gerbers}, M. and {de Geus}, E. and {Grie{\ss}meier}, J.-M. and 
	{Grit}, T. and {Gruppen}, P. and {Hamaker}, J.~P. and {Hassall}, T. and 
	{Hoeft}, M. and {Holties}, H.~A. and {Horneffer}, A. and {van der Horst}, A. and 
	{van Houwelingen}, A. and {Huijgen}, A. and {Iacobelli}, M. and 
	{Intema}, H. and {Jackson}, N. and {Jelic}, V. and {de Jong}, A. and 
	{Juette}, E. and {Kant}, D. and {Karastergiou}, A. and {Koers}, A. and 
	{Kollen}, H. and {Kondratiev}, V.~I. and {Kooistra}, E. and 
	{Koopman}, Y. and {Koster}, A. and {Kuniyoshi}, M. and {Kramer}, M. and 
	{Kuper}, G. and {Lambropoulos}, P. and {Law}, C. and {van Leeuwen}, J. and 
	{Lemaitre}, J. and {Loose}, M. and {Maat}, P. and {Macario}, G. and 
	{Markoff}, S. and {Masters}, J. and {McFadden}, R.~A. and {McKay-Bukowski}, D. and 
	{Meijering}, H. and {Meulman}, H. and {Mevius}, M. and {Middelberg}, E. and 
	{Millenaar}, R. and {Miller-Jones}, J.~C.~A. and {Mohan}, R.~N. and 
	{Mol}, J.~D. and {Morawietz}, J. and {Morganti}, R. and {Mulcahy}, D.~D. and 
	{Mulder}, E. and {Munk}, H. and {Nieuwenhuis}, L. and {van Nieuwpoort}, R. and 
	{Noordam}, J.~E. and {Norden}, M. and {Noutsos}, A. and {Offringa}, A.~R. and 
	{Olofsson}, H. and {Omar}, A. and {Orr{\'u}}, E. and {Overeem}, R. and 
	{Paas}, H. and {Pandey-Pommier}, M. and {Pandey}, V.~N. and 
	{Pizzo}, R. and {Polatidis}, A. and {Rafferty}, D. and {Rawlings}, S. and 
	{Reich}, W. and {de Reijer}, J.-P. and {Reitsma}, J. and {Renting}, G.~A. and 
	{Riemers}, P. and {Rol}, E. and {Romein}, J.~W. and {Roosjen}, J. and 
	{Ruiter}, M. and {Scaife}, A. and {van der Schaaf}, K. and {Scheers}, B. and 
	{Schellart}, P. and {Schoenmakers}, A. and {Schoonderbeek}, G. and 
	{Serylak}, M. and {Shulevski}, A. and {Sluman}, J. and {Smirnov}, O. and 
	{Sobey}, C. and {Spreeuw}, H. and {Steinmetz}, M. and {Sterks}, C.~G.~M. and 
	{Stiepel}, H.-J. and {Stuurwold}, K. and {Tagger}, M. and {Tang}, Y. and 
	{Tasse}, C. and {Thomas}, I. and {Thoudam}, S. and {Toribio}, M.~C. and 
	{van der Tol}, B. and {Usov}, O. and {van Veelen}, M. and {van der Veen}, A.-J. and 
	{ter Veen}, S. and {Verbiest}, J.~P.~W. and {Vermeulen}, R. and 
	{Vermaas}, N. and {Vocks}, C. and {Vogt}, C. and {de Vos}, M. and 
	{van der Wal}, E. and {van Weeren}, R. and {Weggemans}, H. and 
	{Weltevrede}, P. and {White}, S. and {Wijnholds}, S.~J. and 
	{Wilhelmsson}, T. and {Wucknitz}, O. and {Yatawatta}, S. and 
	{Zarka}, P. and {Zensus}, A. and {van Zwieten}, J.},
    title = "{LOFAR: The LOw-Frequency ARray}",
  journal = {\aap},
archivePrefix = "arXiv",
   eprint = {1305.3550},
 primaryClass = "astro-ph.IM",
 keywords = {instrumentation: interferometers, radio continuum: general, radio lines: general, dark ages, reionization, first stars, telescopes},
     year = 2013,
    month = aug,
   volume = 556,
      eid = {A2},
    pages = {A2},
      doi = {10.1051/0004-6361/201220873},
   adsurl = {http://adsabs.harvard.edu/abs/2013A%26A...556A...2V},
  adsnote = {Provided by the SAO/NASA Astrophysics Data System}
}

@ARTICLE{Parsons:2010,
   author = {{Parsons}, A.~R. and {Backer}, D.~C. and {Foster}, G.~S. and 
	{Wright}, M.~C.~H. and {Bradley}, R.~F. and {Gugliucci}, N.~E. and 
	{Parashare}, C.~R. and {Benoit}, E.~E. and {Aguirre}, J.~E. and 
	{Jacobs}, D.~C. and {Carilli}, C.~L. and {Herne}, D. and {Lynch}, M.~J. and 
	{Manley}, J.~R. and {Werthimer}, D.~J.},
    title = "{The Precision Array for Probing the Epoch of Re-ionization: Eight Station Results}",
  journal = {\aj},
archivePrefix = "arXiv",
   eprint = {0904.2334},
 primaryClass = "astro-ph.CO",
 keywords = {cosmology: observations, instrumentation: interferometers, radio continuum: general, techniques: interferometric, site testing, telescopes},
     year = 2010,
    month = apr,
   volume = 139,
    pages = {1468-1480},
      doi = {10.1088/0004-6256/139/4/1468},
   adsurl = {http://adsabs.harvard.edu/abs/2010AJ....139.1468P},
  adsnote = {Provided by the SAO/NASA Astrophysics Data System}
}
@ARTICLE{Furlanetto:2006Review,
   author = {{Furlanetto}, S.~R. and {Oh}, S.~P. and {Briggs}, F.~H.},
    title = "{Cosmology at low frequencies: The 21 cm transition and the high-redshift Universe}",
  journal = {\physrep},
   eprint = {astro-ph/0608032},
     year = 2006,
    month = oct,
   volume = 433,
    pages = {181-301},
      doi = {10.1016/j.physrep.2006.08.002},
   adsurl = {http://adsabs.harvard.edu/abs/2006PhR...433..181F},
  adsnote = {Provided by the SAO/NASA Astrophysics Data System}
}

@ARTICLE{Ali:2015,
   author = {{Ali}, Z.~S. and {Parsons}, A.~R. and {Zheng}, H. and {Pober}, J.~C. and 
	{Liu}, A. and {Aguirre}, J.~E. and {Bradley}, R.~F. and {Bernardi}, G. and 
	{Carilli}, C.~L. and {Cheng}, C. and {DeBoer}, D.~R. and {Dexter}, M.~R. and 
	{Grobbelaar}, J. and {Horrell}, J. and {Jacobs}, D.~C. and {Klima}, P. and 
	{MacMahon}, D.~H.~E. and {Maree}, M. and {Moore}, D.~F. and 
	{Razavi}, N. and {Stefan}, I.~I. and {Walbrugh}, W.~P. and {Walker}, A.
	},
    title = "{PAPER-64 Constraints on Reionization: The 21 cm Power Spectrum at z = 8.4}",
  journal = {\apj},
archivePrefix = "arXiv",
   eprint = {1502.06016},
 keywords = {cosmology: observations, dark ages, reionization, first stars, early universe, instrumentation: interferometers, intergalactic medium},
     year = 2015,
    month = aug,
   volume = 809,
      eid = {61},
    pages = {61},
      doi = {10.1088/0004-637X/809/1/61},
   adsurl = {http://adsabs.harvard.edu/abs/2015ApJ...809...61A},
  adsnote = {Provided by the SAO/NASA Astrophysics Data System}
}


@ARTICLE{Ali:2015_Short,
   author = {{Ali}, Z.~S. and {Parsons}, A.~R. and {Zheng}, H. and {Pober}, J.~C. and 
	{Liu}, A. and {16 co-authors}},
    title = "{PAPER-64 Constraints on Reionization: The 21 cm Power Spectrum at z = 8.4}",
  journal = {\apj},
archivePrefix = "arXiv",
   eprint = {1502.06016},
 keywords = {cosmology: observations, dark ages, reionization, first stars, early universe, instrumentation: interferometers, intergalactic medium},
     year = 2015,
    month = aug,
   volume = 809,
      eid = {61},
    pages = {61},
      doi = {10.1088/0004-637X/809/1/61},
   adsurl = {http://adsabs.harvard.edu/abs/2015ApJ...809...61A},
  adsnote = {Provided by the SAO/NASA Astrophysics Data System}
}



@ARTICLE{Pober:2015_short,
   author = {{Pober}, J.~C. and {Ali}, Z.~S. and {Parsons}, A.~R. and {McQuinn}, M. and 
	{Aguirre}, J.~E. and {22 co-authors}},
    title = "{PAPER-64 Constraints On Reionization. II. The Temperature of the z =8.4 Intergalactic Medium}",
  journal = {\apj},
archivePrefix = "arXiv",
   eprint = {1503.00045},
 keywords = {dark ages, reionization, first stars, galaxies: high-redshift, intergalactic medium},
     year = 2015,
    month = aug,
   volume = 809,
      eid = {62},
    pages = {62},
      doi = {10.1088/0004-637X/809/1/62},
   adsurl = {http://adsabs.harvard.edu/abs/2015ApJ...809...62P},
  adsnote = {Provided by the SAO/NASA Astrophysics Data System}
}


@ARTICLE{Pober:2015,
   author = {{Pober}, J.~C. and {Ali}, Z.~S. and {Parsons}, A.~R. and {McQuinn}, M. and 
	{Aguirre}, J.~E. and {Bernardi}, G. and {Bradley}, R.~F. and 
	{Carilli}, C.~L. and {Cheng}, C. and {DeBoer}, D.~R. and {Dexter}, M.~R. and 
	{Furlanetto}, S.~R. and {Grobbelaar}, J. and {Horrell}, J. and 
	{Jacobs}, D.~C. and {Klima}, P.~J. and {Kohn}, S.~A. and {Liu}, A. and 
	{MacMahon}, D.~H.~E. and {Maree}, M. and {Mesinger}, A. and 
	{Moore}, D.~F. and {Razavi-Ghods}, N. and {Stefan}, I.~I. and 
	{Walbrugh}, W.~P. and {Walker}, A. and {Zheng}, H.},
    title = "{PAPER-64 Constraints On Reionization. II. The Temperature of the z =8.4 Intergalactic Medium}",
  journal = {\apj},
archivePrefix = "arXiv",
   eprint = {1503.00045},
 keywords = {dark ages, reionization, first stars, galaxies: high-redshift, intergalactic medium},
     year = 2015,
    month = aug,
   volume = 809,
      eid = {62},
    pages = {62},
      doi = {10.1088/0004-637X/809/1/62},
   adsurl = {http://adsabs.harvard.edu/abs/2015ApJ...809...62P},
  adsnote = {Provided by the SAO/NASA Astrophysics Data System}
}




@ARTICLE{Mesinger:2013,
   author = {{Mesinger}, A. and {Ferrara}, A. and {Spiegel}, D.~S.},
    title = "{Signatures of X-rays in the early Universe}",
  journal = {\mnras},
archivePrefix = "arXiv",
   eprint = {1210.7319},
 primaryClass = "astro-ph.CO",
 keywords = {intergalactic medium, cosmology: theory, early Universe, dark ages, reionization, first stars, X-rays: galaxies},
     year = 2013,
    month = may,
   volume = 431,
    pages = {621-637},
      doi = {10.1093/mnras/stt198},
   adsurl = {http://adsabs.harvard.edu/abs/2013MNRAS.431..621M},
  adsnote = {Provided by the SAO/NASA Astrophysics Data System}
}
@ARTICLE{Barkana:2005b,
   author = {{Barkana}, R. and {Loeb}, A.},
    title = "{Detecting the Earliest Galaxies through Two New Sources of 21 Centimeter Fluctuations}",
  journal = {\apj},
   eprint = {astro-ph/0410129},
 keywords = {Cosmology: Theory, Galaxies: Formation, Galaxies: High-Redshift},
     year = 2005,
    month = jun,
   volume = 626,
    pages = {1-11},
      doi = {10.1086/429954},
   adsurl = {http://adsabs.harvard.edu/abs/2005ApJ...626....1B},
  adsnote = {Provided by the SAO/NASA Astrophysics Data System}
}

@ARTICLE{Pritchard:2006,
   author = {{Pritchard}, J.~R. and {Furlanetto}, S.~R.},
    title = "{Descending from on high: Lyman-series cascades and spin-kinetic temperature coupling in the 21-cm line}",
  journal = {\mnras},
   eprint = {astro-ph/0508381},
 keywords = {atomic processes, galaxies: high-redshift, cosmology: theory},
     year = 2006,
    month = apr,
   volume = 367,
    pages = {1057-1066},
      doi = {10.1111/j.1365-2966.2006.10028.x},
   adsurl = {http://adsabs.harvard.edu/abs/2006MNRAS.367.1057P},
  adsnote = {Provided by the SAO/NASA Astrophysics Data System}
}
@ARTICLE{Christian:2013,
   author = {{Christian}, P. and {Loeb}, A.},
    title = "{Measuring the X-ray background in the reionization era with first generation 21 cm experiments}",
  journal = {\jcap},
archivePrefix = "arXiv",
   eprint = {1305.5541},
 primaryClass = "astro-ph.CO",
     year = 2013,
    month = sep,
   volume = 9,
      eid = {014},
    pages = {14},
      doi = {10.1088/1475-7516/2013/09/014},
   adsurl = {http://adsabs.harvard.edu/abs/2013JCAP...09..014C},
  adsnote = {Provided by the SAO/NASA Astrophysics Data System}
}
@ARTICLE{Fialkov:2014,
   author = {{Fialkov}, A. and {Barkana}, R. and {Visbal}, E.},
    title = "{The observable signature of late heating of the Universe during cosmic reionization}",
  journal = {\nat},
archivePrefix = "arXiv",
   eprint = {1402.0940},
 primaryClass = "astro-ph.CO",
     year = 2014,
    month = feb,
   volume = 506,
    pages = {197-199},
      doi = {10.1038/nature12999},
   adsurl = {http://adsabs.harvard.edu/abs/2014Natur.506..197F},
  adsnote = {Provided by the SAO/NASA Astrophysics Data System}
}


@ARTICLE{Dillon:2015,
   author = {{Dillon}, J.~S. and {Neben}, A.~R. and {Hewitt}, J.~N. and {Tegmark}, M. and 
	{Barry}, N. and {Beardsley}, A.~P. and {Bowman}, J.~D. and {Briggs}, F. and 
	{Carroll}, P. and {de Oliveira-Costa}, A. and {Ewall-Wice}, A. and 
	{Feng}, L. and {Greenhill}, L.~J. and {Hazelton}, B.~J. and 
	{Hernquist}, L. and {Hurley-Walker}, N. and {Jacobs}, D.~C. and 
	{Kim}, H.~S. and {Kittiwisit}, P. and {Lenc}, E. and {Line}, J. and 
	{Loeb}, A. and {McKinley}, B. and {Mitchell}, D.~A. and {Morales}, M.~F. and 
	{Offringa}, A.~R. and {Paul}, S. and {Pindor}, B. and {Pober}, J.~C. and 
	{Procopio}, P. and {Riding}, J. and {Sethi}, S. and {Shankar}, N.~U. and 
	{Subrahmanyan}, R. and {Sullivan}, I. and {Thyagarajan}, N. and 
	{Tingay}, S.~J. and {Trott}, C. and {Wayth}, R.~B. and {Webster}, R.~L. and 
	{Wyithe}, S. and {Bernardi}, G. and {Cappallo}, R.~J. and {Deshpande}, A.~A. and 
	{Johnston-Hollitt}, M. and {Kaplan}, D.~L. and {Lonsdale}, C.~J. and 
	{McWhirter}, S.~R. and {Morgan}, E. and {Oberoi}, D. and {Ord}, S.~M. and 
	{Prabu}, T. and {Srivani}, K.~S. and {Williams}, A. and {Williams}, C.~L.
	},
    title = "{Empirical covariance modeling for 21 cm power spectrum estimation: A method demonstration and new limits from early Murchison Widefield Array 128-tile data}",
  journal = {\prd},
archivePrefix = "arXiv",
   eprint = {1506.01026},
 keywords = {Observation and data reduction techniques, computer modeling and simulation, Interferometry, Cosmology, Observational cosmology},
     year = 2015,
    month = jun,
   volume = 91,
   number = 12,
      eid = {123011},
    pages = {123011},
      doi = {10.1103/PhysRevD.91.123011},
   adsurl = {http://adsabs.harvard.edu/abs/2015PhRvD..91l3011D},
  adsnote = {Provided by the SAO/NASA Astrophysics Data System}
}



@ARTICLE{Greig:2015,
   author = {{Greig}, B. and {Mesinger}, A.},
    title = "{21CMMC: an MCMC analysis tool enabling astrophysical parameter studies of the cosmic 21 cm signal}",
  journal = {\mnras},
archivePrefix = "arXiv",
   eprint = {1501.06576},
 keywords = {galaxies: high-redshift, intergalactic medium, cosmology: theory, dark ages, reionization, first stars, diffuse radiation, early Universe},
     year = 2015,
    month = jun,
   volume = 449,
    pages = {4246-4263},
      doi = {10.1093/mnras/stv571},
   adsurl = {http://adsabs.harvard.edu/abs/2015MNRAS.449.4246G},
  adsnote = {Provided by the SAO/NASA Astrophysics Data System}
}


@ARTICLE{Bernardi:2015,
   author = {{Bernardi}, G. and {McQuinn}, M. and {Greenhill}, L.~J.},
    title = "{Foreground Model and Antenna Calibration Errors in the Measurement of the Sky-averaged {$\lambda$}21 cm Signal at z\~{} 20}",
  journal = {\apj},
archivePrefix = "arXiv",
   eprint = {1404.0887},
 keywords = {cosmology: observations, dark ages, reionization, first stars, early universe, intergalactic medium, methods: observational, techniques: interferometric },
     year = 2015,
    month = jan,
   volume = 799,
      eid = {90},
    pages = {90},
      doi = {10.1088/0004-637X/799/1/90},
   adsurl = {http://adsabs.harvard.edu/abs/2015ApJ...799...90B},
  adsnote = {Provided by the SAO/NASA Astrophysics Data System}
}


@ARTICLE{Mesinger:2012,
   author = {{Mesinger}, A. and {McQuinn}, M. and {Spergel}, D.~N.},
    title = "{The kinetic Sunyaev-Zel'dovich signal from inhomogeneous reionization: a parameter space study}",
  journal = {\mnras},
archivePrefix = "arXiv",
   eprint = {1112.1820},
 keywords = {galaxies: high-redshift, cosmic background radiation, dark ages, reionization, first stars, diffuse radiation, early Universe, large-scale structure of Universe},
     year = 2012,
    month = may,
   volume = 422,
    pages = {1403-1417},
      doi = {10.1111/j.1365-2966.2012.20713.x},
   adsurl = {http://adsabs.harvard.edu/abs/2012MNRAS.422.1403M},
  adsnote = {Provided by the SAO/NASA Astrophysics Data System}
}



@ARTICLE{Datta:2014,
   author = {{Datta}, A. and {Bradley}, R. and {Burns}, J.~O. and {Harker}, G. and 
	{Komjathy}, A. and {Lazio}, T.~J.~W.},
    title = "{Effects Of The Ionosphere On Ground-Based Detection Of The Global 21 CM Signal From The Cosmic Dawn And The Dark Ages}",
  journal = {ArXiv e-prints},
archivePrefix = "arXiv",
   eprint = {1409.0513},
 keywords = {Astrophysics - Cosmology and Nongalactic Astrophysics, Astrophysics - Instrumentation and Methods for Astrophysics},
     year = 2014,
    month = sep,
   adsurl = {http://adsabs.harvard.edu/abs/2014arXiv1409.0513D},
  adsnote = {Provided by the SAO/NASA Astrophysics Data System}
}

@ARTICLE{Morales:2012,
   author = {{Morales}, M.~F. and {Hazelton}, B. and {Sullivan}, I. and {Beardsley}, A.
	},
    title = "{Four Fundamental Foreground Power Spectrum Shapes for 21 cm Cosmology Observations}",
  journal = {\apj},
archivePrefix = "arXiv",
   eprint = {1202.3830},
 primaryClass = "astro-ph.IM",
 keywords = {cosmology: observations, methods: data analysis, techniques: interferometric},
     year = 2012,
    month = jun,
   volume = 752,
      eid = {137},
    pages = {137},
      doi = {10.1088/0004-637X/752/2/137},
   adsurl = {http://adsabs.harvard.edu/abs/2012ApJ...752..137M},
  adsnote = {Provided by the SAO/NASA Astrophysics Data System}
}
@ARTICLE{Vedantham:2012,
   author = {{Vedantham}, H. and {Udaya Shankar}, N. and {Subrahmanyan}, R.
	},
    title = "{Imaging the Epoch of Reionization: Limitations from Foreground Confusion and Imaging Algorithms}",
  journal = {\apj},
archivePrefix = "arXiv",
   eprint = {1106.1297},
 primaryClass = "astro-ph.IM",
 keywords = {cosmology: observations, methods: analytical, methods: data analysis, techniques: interferometric},
     year = 2012,
    month = feb,
   volume = 745,
      eid = {176},
    pages = {176},
      doi = {10.1088/0004-637X/745/2/176},
   adsurl = {http://adsabs.harvard.edu/abs/2012ApJ...745..176V},
  adsnote = {Provided by the SAO/NASA Astrophysics Data System}
}
@ARTICLE{Parsons:2012,
   author = {{Parsons}, A.~R. and {Pober}, J.~C. and {Aguirre}, J.~E. and 
	{Carilli}, C.~L. and {Jacobs}, D.~C. and {Moore}, D.~F.},
    title = "{A Per-baseline, Delay-spectrum Technique for Accessing the 21 cm Cosmic Reionization Signature}",
  journal = {\apj},
archivePrefix = "arXiv",
   eprint = {1204.4749},
 primaryClass = "astro-ph.IM",
 keywords = {cosmology: observations, instrumentation: interferometers, radio continuum: general, site testing, techniques: interferometric, telescopes},
     year = 2012,
    month = sep,
   volume = 756,
      eid = {165},
    pages = {165},
      doi = {10.1088/0004-637X/756/2/165},
   adsurl = {http://adsabs.harvard.edu/abs/2012ApJ...756..165P},
  adsnote = {Provided by the SAO/NASA Astrophysics Data System}
}
@ARTICLE{Datta:2010,
   author = {{Datta}, A. and {Bowman}, J.~D. and {Carilli}, C.~L.},
    title = "{Bright Source Subtraction Requirements for Redshifted 21 cm Measurements}",
  journal = {\apj},
archivePrefix = "arXiv",
   eprint = {1005.4071},
 primaryClass = "astro-ph.CO",
 keywords = {early universe, intergalactic medium, methods: data analysis, radio lines: general, techniques: interferometric},
     year = 2010,
    month = nov,
   volume = 724,
    pages = {526-538},
      doi = {10.1088/0004-637X/724/1/526},
   adsurl = {http://adsabs.harvard.edu/abs/2010ApJ...724..526D},
  adsnote = {Provided by the SAO/NASA Astrophysics Data System}
}

@ARTICLE{Furlanetto:2006Forest,
   author = {{Furlanetto}, S.~R.},
    title = "{The 21-cm forest}",
  journal = {\mnras},
   eprint = {astro-ph/0604223},
 keywords = {intergalactic medium: cosmology: theory: radio lines: ISM, intergalactic medium, cosmology: theory, radio lines: ISM},
     year = 2006,
    month = aug,
   volume = 370,
    pages = {1867-1875},
      doi = {10.1111/j.1365-2966.2006.10603.x},
   adsurl = {http://adsabs.harvard.edu/abs/2006MNRAS.370.1867F},
  adsnote = {Provided by the SAO/NASA Astrophysics Data System}
}
@ARTICLE{Mack:2012,
   author = {{Mack}, K.~J. and {Wyithe}, J.~S.~B.},
    title = "{Detecting the redshifted 21 cm forest during reionization}",
  journal = {\mnras},
archivePrefix = "arXiv",
   eprint = {1101.5431},
 keywords = {galaxies: high-redshift, intergalactic medium, quasars: absorption lines, cosmology: theory, large-scale structure of Universe},
     year = 2012,
    month = oct,
   volume = 425,
    pages = {2988-3001},
      doi = {10.1111/j.1365-2966.2012.21561.x},
   adsurl = {http://adsabs.harvard.edu/abs/2012MNRAS.425.2988M},
  adsnote = {Provided by the SAO/NASA Astrophysics Data System}
}
@ARTICLE{Loeb:2002,
   author = {{Furlanetto}, S.~R. and {Loeb}, A.},
    title = "{The 21 Centimeter Forest: Radio Absorption Spectra as Probes of Minihalos before Reionization}",
  journal = {\apj},
   eprint = {astro-ph/0206308},
 keywords = {Cosmology: Theory, Galaxies: Active, Galaxies: Intergalactic Medium, Cosmology: Large-Scale Structure of Universe, Radio Lines: General},
     year = 2002,
    month = nov,
   volume = 579,
    pages = {1-9},
      doi = {10.1086/342757},
   adsurl = {http://adsabs.harvard.edu/abs/2002ApJ...579....1F},
  adsnote = {Provided by the SAO/NASA Astrophysics Data System}
}
@ARTICLE{Cohen:2009,
   author = {{Cohen}, A.~S. and {R{\"o}ttgering}, H.~J.~A.},
    title = "{Probing Fine-Scale Ionospheric Structure with the Very Large Array Radio Telescope}",
  journal = {\aj},
archivePrefix = "arXiv",
   eprint = {0905.4501},
 primaryClass = "astro-ph.IM",
 keywords = {atmospheric effects, techniques: interferometric},
     year = 2009,
    month = aug,
   volume = 138,
    pages = {439-447},
      doi = {10.1088/0004-6256/138/2/439},
   adsurl = {http://adsabs.harvard.edu/abs/2009AJ....138..439C},
  adsnote = {Provided by the SAO/NASA Astrophysics Data System}
}
@ARTICLE{Jacobes:2015,
   author = {{Jacobs}, D.~C. and {Pober}, J.~C. and {Parsons}, A.~R. and 
	{Aguirre}, J.~E. and {Ali}, Z.~S. and {Bowman}, J. and {Bradley}, R.~F. and 
	{Carilli}, C.~L. and {DeBoer}, D.~R. and {Dexter}, M.~R. and 
	{Gugliucci}, N.~E. and {Klima}, P. and {Liu}, A. and {MacMahon}, D.~H.~E. and 
	{Manley}, J.~R. and {Moore}, D.~F. and {Stefan}, I.~I. and {Walbrugh}, W.~P.
	},
    title = "{Multiredshift Limits on the 21 cm Power Spectrum from PAPER}",
  journal = {\apj},
archivePrefix = "arXiv",
   eprint = {1408.3389},
 keywords = {dark ages, reionization, first stars, techniques: interferometric},
     year = 2015,
    month = mar,
   volume = 801,
      eid = {51},
    pages = {51},
      doi = {10.1088/0004-637X/801/1/51},
   adsurl = {http://adsabs.harvard.edu/abs/2015ApJ...801...51J},
  adsnote = {Provided by the SAO/NASA Astrophysics Data System}
}


@ARTICLE{Zheng:2014,
   author = {{Zheng}, H. and {Tegmark}, M. and {Buza}, V. and {Dillon}, J.~S. and 
	{Gharibyan}, H. and {Hickish}, J. and {Kunz}, E. and {Liu}, A. and 
	{Losh}, J. and {Lutomirski}, A. and {Morrison}, S. and {Narayanan}, S. and 
	{Perko}, A. and {Rosner}, D. and {Sanchez}, N. and {Schutz}, K. and 
	{Tribiano}, S.~M. and {Valdez}, M. and {Yang}, H. and {Adami}, K.~Z. and 
	{Zelko}, I. and {Zheng}, K. and {Armstrong}, R.~P. and {Bradley}, R.~F. and 
	{Dexter}, M.~R. and {Ewall-Wice}, A. and {Magro}, A. and {Matejek}, M. and 
	{Morgan}, E. and {Neben}, A.~R. and {Pan}, Q. and {Penna}, R.~F. and 
	{Peterson}, C.~M. and {Su}, M. and {Villasenor}, J. and {Williams}, C.~L. and 
	{Zhu}, Y.},
    title = "{MITEoR: a scalable interferometer for precision 21 cm cosmology}",
  journal = {\mnras},
archivePrefix = "arXiv",
   eprint = {1405.5527},
 primaryClass = "astro-ph.IM",
 keywords = {instrumentation: interferometers, methods: data analysis, techniques: interferometric, cosmology: observations, dark ages, reionization, first stars},
     year = 2014,
    month = dec,
   volume = 445,
    pages = {1084-1103},
      doi = {10.1093/mnras/stu1773},
   adsurl = {http://adsabs.harvard.edu/abs/2014MNRAS.445.1084Z},
  adsnote = {Provided by the SAO/NASA Astrophysics Data System}
}


@ARTICLE{Zheng:2014_short,
   author = {{Zheng}, H. and {Tegmark}, M. and {Buza}, V. and {Dillon}, J.~S. and 
	{33 co-authors}},
    title = "{MITEoR: a scalable interferometer for precision 21 cm cosmology}",
  journal = {\mnras},
archivePrefix = "arXiv",
   eprint = {1405.5527},
 primaryClass = "astro-ph.IM",
 keywords = {instrumentation: interferometers, methods: data analysis, techniques: interferometric, cosmology: observations, dark ages, reionization, first stars},
     year = 2014,
    month = dec,
   volume = 445,
    pages = {1084-1103},
      doi = {10.1093/mnras/stu1773},
   adsurl = {http://adsabs.harvard.edu/abs/2014MNRAS.445.1084Z},
  adsnote = {Provided by the SAO/NASA Astrophysics Data System}
}
@ARTICLE{Liu:2010,
   author = {{Liu}, A. and {Tegmark}, M. and {Morrison}, S. and {Lutomirski}, A. and 
	{Zaldarriaga}, M.},
    title = "{Precision calibration of radio interferometers using redundant baselines}",
  journal = {\mnras},
archivePrefix = "arXiv",
   eprint = {1001.5268},
 primaryClass = "astro-ph.IM",
 keywords = {instrumentation: interferometers, methods: data analysis, cosmology: observations, radio continuum: general},
     year = 2010,
    month = oct,
   volume = 408,
    pages = {1029-1050},
      doi = {10.1111/j.1365-2966.2010.17174.x},
   adsurl = {http://adsabs.harvard.edu/abs/2010MNRAS.408.1029L},
  adsnote = {Provided by the SAO/NASA Astrophysics Data System}
}
@ARTICLE{Wieringa:1992,
   author = {{Wieringa}, M.~H.},
    title = "{An investigation of the telescope based calibration methods 'redundancy' and 'self-cal'}",
  journal = {Experimental Astronomy},
 keywords = {Calibrating, Instrument Compensation, Instrument Errors, Interferometry, Radio Telescopes, Redundancy, Astronomical Maps, Correction, Signal To Noise Ratios},
     year = 1992,
   volume = 2,
    pages = {203-225},
      doi = {10.1007/BF00420576},
   adsurl = {http://adsabs.harvard.edu/abs/1992ExA.....2..203W},
  adsnote = {Provided by the SAO/NASA Astrophysics Data System}
}
@ARTICLE{Ciardi:2013,
   author = {{Ciardi}, B. and {Labropoulos}, P. and {Maselli}, A. and {Thomas}, R. and 
	{Zaroubi}, S. and {Graziani}, L. and {Bolton}, J.~S. and {Bernardi}, G. and 
	{Brentjens}, M. and {de Bruyn}, A.~G. and {Daiboo}, S. and {Harker}, G.~J.~A. and 
	{Jelic}, V. and {Kazemi}, S. and {Koopmans}, L.~V.~E. and {Martinez}, O. and 
	{Mellema}, G. and {Offringa}, A.~R. and {Pandey}, V.~N. and 
	{Schaye}, J. and {Veligatla}, V. and {Vedantham}, H. and {Yatawatta}, S.
	},
    title = "{Prospects for detecting the 21 cm forest from the diffuse intergalactic medium with LOFAR}",
  journal = {\mnras},
archivePrefix = "arXiv",
   eprint = {1209.2615},
 primaryClass = "astro-ph.CO",
 keywords = {intergalactic medium, dark ages, reionization, first stars, radio astronomy, radio continuum: general, radio lines: general},
     year = 2013,
    month = jan,
   volume = 428,
    pages = {1755-1765},
      doi = {10.1093/mnras/sts156},
   adsurl = {http://adsabs.harvard.edu/abs/2013MNRAS.428.1755C},
  adsnote = {Provided by the SAO/NASA Astrophysics Data System}
}
@ARTICLE{Offringa:2015,
   author = {{Offringa}, A.~R. and {Wayth}, R.~B. and {Hurley-Walker}, N. and 
	{Kaplan}, D.~L. and {Barry}, N. and {Beardsley}, A.~P. and {Bell}, M.~E. and 
	{Bernardi}, G. and {Bowman}, J.~D. and {Briggs}, F. and {Callingham}, J.~R. and 
	{Cappallo}, R.~J. and {Carroll}, P. and {Deshpande}, A.~A. and 
	{Dillon}, J.~S. and {Dwarakanath}, K.~S. and {Ewall-Wice}, A. and 
	{Feng}, L. and {For}, B.-Q. and {Gaensler}, B.~M. and {Greenhill}, L.~J. and 
	{Hancock}, P. and {Hazelton}, B.~J. and {Hewitt}, J.~N. and 
	{Hindson}, L. and {Jacobs}, D.~C. and {Johnston-Hollitt}, M. and 
	{Kapi{\'n}ska}, A.~D. and {Kim}, H.-S. and {Kittiwisit}, P. and 
	{Lenc}, E. and {Line}, J. and {Loeb}, A. and {Lonsdale}, C.~J. and 
	{McKinley}, B. and {McWhirter}, S.~R. and {Mitchell}, D.~A. and 
	{Morales}, M.~F. and {Morgan}, E. and {Morgan}, J. and {Neben}, A.~R. and 
	{Oberoi}, D. and {Ord}, S.~M. and {Paul}, S. and {Pindor}, B. and 
	{Pober}, J.~C. and {Prabu}, T. and {Procopio}, P. and {Riding}, J. and 
	{Udaya Shankar}, N. and {Sethi}, S. and {Srivani}, K.~S. and 
	{Staveley-Smith}, L. and {Subrahmanyan}, R. and {Sullivan}, I.~S. and 
	{Tegmark}, M. and {Thyagarajan}, N. and {Tingay}, S.~J. and 
	{Trott}, C.~M. and {Webster}, R.~L. and {Williams}, A. and {Williams}, C.~L. and 
	{Wu}, C. and {Wyithe}, J.~S. and {Zheng}, Q.},
    title = "{The Low-Frequency Environment of the Murchison Widefield Array: Radio-Frequency Interference Analysis and Mitigation}",
  journal = {\pasa},
archivePrefix = "arXiv",
   eprint = {1501.03946},
 primaryClass = "astro-ph.IM",
 keywords = {instrumentation: interferometers, methods: observational, radio continuum: general, techniques: interferometric},
     year = 2015,
    month = mar,
   volume = 32,
      eid = {e008},
    pages = {8},
      doi = {10.1017/pasa.2015.7},
   adsurl = {http://adsabs.harvard.edu/abs/2015PASA...32....8O},
  adsnote = {Provided by the SAO/NASA Astrophysics Data System}
}

@ARTICLE{Bernardi:2013,
   author = {{Bernardi}, G. and {Greenhill}, L.~J. and {Mitchell}, D.~A. and 
	{Ord}, S.~M. and {Hazelton}, B.~J. and {Gaensler}, B.~M. and 
	{de Oliveira-Costa}, A. and {Morales}, M.~F. and {Udaya Shankar}, N. and 
	{Subrahmanyan}, R. and {Wayth}, R.~B. and {Lenc}, E. and {Williams}, C.~L. and 
	{Arcus}, W. and {Arora}, B.~S. and {Barnes}, D.~G. and {Bowman}, J.~D. and 
	{Briggs}, F.~H. and {Bunton}, J.~D. and {Cappallo}, R.~J. and 
	{Corey}, B.~E. and {Deshpande}, A. and {deSouza}, L. and {Emrich}, D. and 
	{Goeke}, R. and {Herne}, D. and {Hewitt}, J.~N. and {Johnston-Hollitt}, M. and 
	{Kaplan}, D. and {Kasper}, J.~C. and {Kincaid}, B.~B. and {Koenig}, R. and 
	{Kratzenberg}, E. and {Lonsdale}, C.~J. and {Lynch}, M.~J. and 
	{McWhirter}, S.~R. and {Morgan}, E. and {Oberoi}, D. and {Pathikulangara}, J. and 
	{Prabu}, T. and {Remillard}, R.~A. and {Rogers}, A.~E.~E. and 
	{Roshi}, A. and {Salah}, J.~E. and {Sault}, R.~J. and {Srivani}, K.~S. and 
	{Stevens}, J. and {Tingay}, S.~J. and {Waterson}, M. and {Webster}, R.~L. and 
	{Whitney}, A.~R. and {Williams}, A. and {Wyithe}, J.~S.~B.},
    title = "{A 189 MHz, 2400 deg$^{2}$ Polarization Survey with the Murchison Widefield Array 32-element Prototype}",
  journal = {\apj},
archivePrefix = "arXiv",
   eprint = {1305.6047},
 primaryClass = "astro-ph.CO",
 keywords = {diffuse radiation, ISM: magnetic fields, polarization, radio continuum: general, surveys, techniques: interferometric},
     year = 2013,
    month = jul,
   volume = 771,
      eid = {105},
    pages = {105},
      doi = {10.1088/0004-637X/771/2/105},
   adsurl = {http://adsabs.harvard.edu/abs/2013ApJ...771..105B},
  adsnote = {Provided by the SAO/NASA Astrophysics Data System}
}

@INPROCEEDINGS{McMullin:2007,
   author = {{McMullin}, J.~P. and {Waters}, B. and {Schiebel}, D. and {Young}, W. and 
	{Golap}, K.},
    title = "{CASA Architecture and Applications}",
booktitle = {Astronomical Data Analysis Software and Systems XVI},
     year = 2007,
   series = {Astronomical Society of the Pacific Conference Series},
   volume = 376,
   editor = {{Shaw}, R.~A. and {Hill}, F. and {Bell}, D.~J.},
    month = oct,
    pages = {127},
   adsurl = {http://adsabs.harvard.edu/abs/2007ASPC..376..127M},
  adsnote = {Provided by the SAO/NASA Astrophysics Data System}
}
@ARTICLE{Offringa:2014,
   author = {{Offringa}, A.~R. and {McKinley}, B. and {Hurley-Walker}, N. and 
	{Briggs}, F.~H. and {Wayth}, R.~B. and {Kaplan}, D.~L. and {Bell}, M.~E. and 
	{Feng}, L. and {Neben}, A.~R. and {Hughes}, J.~D. and {Rhee}, J. and 
	{Murphy}, T. and {Bhat}, N.~D.~R. and {Bernardi}, G. and {Bowman}, J.~D. and 
	{Cappallo}, R.~J. and {Corey}, B.~E. and {Deshpande}, A.~A. and 
	{Emrich}, D. and {Ewall-Wice}, A. and {Gaensler}, B.~M. and 
	{Goeke}, R. and {Greenhill}, L.~J. and {Hazelton}, B.~J. and 
	{Hindson}, L. and {Johnston-Hollitt}, M. and {Jacobs}, D.~C. and 
	{Kasper}, J.~C. and {Kratzenberg}, E. and {Lenc}, E. and {Lonsdale}, C.~J. and 
	{Lynch}, M.~J. and {McWhirter}, S.~R. and {Mitchell}, D.~A. and 
	{Morales}, M.~F. and {Morgan}, E. and {Kudryavtseva}, N. and 
	{Oberoi}, D. and {Ord}, S.~M. and {Pindor}, B. and {Procopio}, P. and 
	{Prabu}, T. and {Riding}, J. and {Roshi}, D.~A. and {Shankar}, N.~U. and 
	{Srivani}, K.~S. and {Subrahmanyan}, R. and {Tingay}, S.~J. and 
	{Waterson}, M. and {Webster}, R.~L. and {Whitney}, A.~R. and 
	{Williams}, A. and {Williams}, C.~L.},
    title = "{WSCLEAN: an implementation of a fast, generic wide-field imager for radio astronomy}",
  journal = {\mnras},
archivePrefix = "arXiv",
   eprint = {1407.1943},
 primaryClass = "astro-ph.IM",
 keywords = {instrumentation: interferometers, methods: observational, techniques: interferometric, radio continuum: general},
     year = 2014,
    month = oct,
   volume = 444,
    pages = {606-619},
      doi = {10.1093/mnras/stu1368},
   adsurl = {http://adsabs.harvard.edu/abs/2014MNRAS.444..606O},
  adsnote = {Provided by the SAO/NASA Astrophysics Data System}
}


@ARTICLE{Offringa:2012,
   author = {{Offringa}, A.~R. and {van de Gronde}, J.~J. and {Roerdink}, J.~B.~T.~M.
	},
    title = "{A morphological algorithm for improving radio-frequency interference detection}",
  journal = {\aap},
archivePrefix = "arXiv",
   eprint = {1201.3364},
 primaryClass = "astro-ph.IM",
 keywords = {instrumentation: interferometers, methods: data analysis, techniques: interferometric},
     year = 2012,
    month = mar,
   volume = 539,
      eid = {A95},
    pages = {A95},
      doi = {10.1051/0004-6361/201118497},
   adsurl = {http://adsabs.harvard.edu/abs/2012A%26A...539A..95O},
  adsnote = {Provided by the SAO/NASA Astrophysics Data System}
}



@ARTICLE{Jacobs:2015_Short,
   author = {{Jacobs}, D.~C. and {Pober}, J.~C. and {Parsons}, A.~R. and 
	{Aguirre}, J.~E. and {13 co-authors}},
    title = "{Multiredshift Limits on the 21 cm Power Spectrum from PAPER}",
  journal = {\apj},
archivePrefix = "arXiv",
   eprint = {1408.3389},
 keywords = {dark ages, reionization, first stars, techniques: interferometric},
     year = 2015,
    month = mar,
   volume = 801,
      eid = {51},
    pages = {51},
      doi = {10.1088/0004-637X/801/1/51},
   adsurl = {http://adsabs.harvard.edu/abs/2015ApJ...801...51J},
  adsnote = {Provided by the SAO/NASA Astrophysics Data System}
}



@ARTICLE{Jacobs:2015,
   author = {{Jacobs}, D.~C. and {Pober}, J.~C. and {Parsons}, A.~R. and 
	{Aguirre}, J.~E. and {Ali}, Z.~S. and {Bowman}, J. and {Bradley}, R.~F. and 
	{Carilli}, C.~L. and {DeBoer}, D.~R. and {Dexter}, M.~R. and 
	{Gugliucci}, N.~E. and {Klima}, P. and {Liu}, A. and {MacMahon}, D.~H.~E. and 
	{Manley}, J.~R. and {Moore}, D.~F. and {Stefan}, I.~I. and {Walbrugh}, W.~P.
	},
    title = "{Multiredshift Limits on the 21 cm Power Spectrum from PAPER}",
  journal = {\apj},
archivePrefix = "arXiv",
   eprint = {1408.3389},
 keywords = {dark ages, reionization, first stars, techniques: interferometric},
     year = 2015,
    month = mar,
   volume = 801,
      eid = {51},
    pages = {51},
      doi = {10.1088/0004-637X/801/1/51},
   adsurl = {http://adsabs.harvard.edu/abs/2015ApJ...801...51J},
  adsnote = {Provided by the SAO/NASA Astrophysics Data System}
}


@ARTICLE{Springel:2003,
   author = {{Springel}, V. and {Hernquist}, L.},
    title = "{The history of star formation in a {$\Lambda$} cold dark matter universe}",
  journal = {\mnras},
   eprint = {astro-ph/0206395},
 keywords = {methods: numerical, galaxies: evolution, galaxies: starburst},
     year = 2003,
    month = feb,
   volume = 339,
    pages = {312-334},
      doi = {10.1046/j.1365-8711.2003.06207.x},
   adsurl = {http://adsabs.harvard.edu/abs/2003MNRAS.339..312S},
  adsnote = {Provided by the SAO/NASA Astrophysics Data System}
}


@ARTICLE{Hancock:2012,
   author = {{Hancock}, P.~J. and {Murphy}, T. and {Gaensler}, B.~M. and 
	{Hopkins}, A. and {Curran}, J.~R.},
    title = "{Compact continuum source finding for next generation radio surveys}",
  journal = {\mnras},
archivePrefix = "arXiv",
   eprint = {1202.4500},
 primaryClass = "astro-ph.IM",
 keywords = {techniques: image processing, catalogues, surveys},
     year = 2012,
    month = may,
   volume = 422,
    pages = {1812-1824},
      doi = {10.1111/j.1365-2966.2012.20768.x},
   adsurl = {http://adsabs.harvard.edu/abs/2012MNRAS.422.1812H},
  adsnote = {Provided by the SAO/NASA Astrophysics Data System}
}
@ARTICLE{Lane:2014,
   author = {{Lane}, W.~M. and {Cotton}, W.~D. and {van Velzen}, S. and {Clarke}, T.~E. and 
	{Kassim}, N.~E. and {Helmboldt}, J.~F. and {Lazio}, T.~J.~W. and 
	{Cohen}, A.~S.},
    title = "{The Very Large Array Low-frequency Sky Survey Redux (VLSSr)}",
  journal = {\mnras},
archivePrefix = "arXiv",
   eprint = {1404.0694},
 primaryClass = "astro-ph.IM",
 keywords = {techniques: image processing, catalogues, surveys, radio continuum: general},
     year = 2014,
    month = may,
   volume = 440,
    pages = {327-338},
      doi = {10.1093/mnras/stu256},
   adsurl = {http://adsabs.harvard.edu/abs/2014MNRAS.440..327L},
  adsnote = {Provided by the SAO/NASA Astrophysics Data System}
}

@ARTICLE{Slee:1995,
   author = {{Slee}, O.~B.},
    title = "{Radio sources observed with the Culgoora circular array}",
  journal = {Australian Journal of Physics},
 keywords = {Galactic Clusters, Radio Astronomy, Radio Observation, Radio Sources (Astronomy), Tables (Data), Arrays, Data Reduction, Sky Surveys (Astronomy)},
     year = 1995,
   volume = 48,
    pages = {143-186},
   adsurl = {http://adsabs.harvard.edu/abs/1995AuJPh..48..143S},
  adsnote = {Provided by the SAO/NASA Astrophysics Data System}
}
@ARTICLE{Jacobs:2013,
   author = {{Jacobs}, D.~C. and {Parsons}, A.~R. and {Aguirre}, J.~E. and 
	{Ali}, Z. and {Bowman}, J. and {Bradley}, R.~F. and {Carilli}, C.~L. and 
	{DeBoer}, D.~R. and {Dexter}, M.~R. and {Gugliucci}, N.~E. and 
	{Klima}, P. and {MacMahon}, D.~H.~E. and {Manley}, J.~R. and 
	{Moore}, D.~F. and {Pober}, J.~C. and {Stefan}, I.~I. and {Walbrugh}, W.~P.
	},
    title = "{A Flux Scale for Southern Hemisphere 21 cm Epoch of Reionization Experiments}",
  journal = {\apj},
archivePrefix = "arXiv",
   eprint = {1307.7716},
 primaryClass = "astro-ph.CO",
 keywords = {dark ages, reionization, first stars, catalogs, instrumentation: interferometers},
     year = 2013,
    month = oct,
   volume = 776,
      eid = {108},
    pages = {108},
      doi = {10.1088/0004-637X/776/2/108},
   adsurl = {http://adsabs.harvard.edu/abs/2013ApJ...776..108J},
  adsnote = {Provided by the SAO/NASA Astrophysics Data System}
}

@BOOK{Rybicki:1979,
   author = {{Rybicki}, G.~B. and {Lightman}, A.~P.},
    title = "{Radiative processes in astrophysics}",
 keywords = {Astrophysics, Radiative Transfer, Atomic Structure, Bremsstrahlung, Compton Effect, Covariance, Kinematics, Molecular Structure, Plasma Radiation, Radiation Distribution, Relativistic Effects, Synchrotron Radiation},
booktitle = {New York, Wiley-Interscience, 1979.~393 p.},
     year = 1979,
   adsurl = {http://adsabs.harvard.edu/abs/1979rpa..book.....R},
  adsnote = {Provided by the SAO/NASA Astrophysics Data System}
}

@BOOK{Thompson:1986,
   author = {{Thompson}, A.~R. and {Moran}, J.~M. and {Swenson}, G.~W.},
    title = "{Interferometry and synthesis in radio astronomy}",
 keywords = {Antenna Arrays, Radio Astronomy, Radio Interferometers, Signal Processing, Astrometry, Fourier Transformation, Geodesy, Radio Frequency Interference, Very Long Base Interferometry, Wave Propagation},
booktitle = {New York, Wiley-Interscience, 1986, 554 p.},
     year = 1986,
   adsurl = {http://adsabs.harvard.edu/abs/1986isra.book.....T},
  adsnote = {Provided by the SAO/NASA Astrophysics Data System}
}


@ARTICLE{Helmboldt:2012,
   author = {{Helmboldt}, J.~F. and {Intema}, H.~T.},
    title = "{Very large array observations of disturbed ion flow from the plasmasphere to the nighttime ionosphere}",
  journal = {Radio Science},
archivePrefix = "arXiv",
   eprint = {1205.1426},
 primaryClass = "physics.space-ph",
 keywords = {ionospheric disturbances, plasmaspheric disturbances},
     year = 2012,
    month = jan,
   volume = 47,
      eid = {RS0K03},
    pages = {0},
      doi = {10.1029/2012RS004979},
   adsurl = {http://adsabs.harvard.edu/abs/2012RaSc...47.0K03H},
  adsnote = {Provided by the SAO/NASA Astrophysics Data System}
}


@ARTICLE{Condon:1997,
   author = {{Condon}, J.~J.},
    title = "{Errors in Elliptical Gaussian FITS}",
  journal = {\pasp},
 keywords = {METHODS: DATA ANALYSIS},
     year = 1997,
    month = feb,
   volume = 109,
    pages = {166-172},
      doi = {10.1086/133871},
   adsurl = {http://adsabs.harvard.edu/abs/1997PASP..109..166C},
  adsnote = {Provided by the SAO/NASA Astrophysics Data System}
}
@ARTICLE{Vedantham:2014,
   author = {{Vedantham}, H. and {Koopmans}, L.~V.~E.},
    title = "{Speckle noise in widefield radio-interferometry}",
  journal = {ArXiv e-prints},
archivePrefix = "arXiv",
   eprint = {1412.1420},
 primaryClass = "astro-ph.IM",
 keywords = {Astrophysics - Instrumentation and Methods for Astrophysics, Astrophysics - Cosmology and Nongalactic Astrophysics},
     year = 2014,
    month = dec,
   adsurl = {http://adsabs.harvard.edu/abs/2014arXiv1412.1420V},
  adsnote = {Provided by the SAO/NASA Astrophysics Data System}
}
@ARTICLE{Condon:1974,
   author = {{Condon}, J.~J.},
    title = "{Confusion and Flux-Density Error Distributions}",
  journal = {\apj},
     year = 1974,
    month = mar,
   volume = 188,
    pages = {279-286},
      doi = {10.1086/152714},
   adsurl = {http://adsabs.harvard.edu/abs/1974ApJ...188..279C},
  adsnote = {Provided by the SAO/NASA Astrophysics Data System}
}

@ARTICLE{Loi:2015,
   author = {{Loi}, S.~T. and {Trott}, C.~M. and {Murphy}, T. and {Cairns}, I.~H. and 
	{Bell}, M. and {Hurley-Walker}, N. and {Morgan}, J. and {Lenc}, E. and 
	{Offringa}, A.~R. and {Feng}, L. and {Hancock}, P.~J. and {Kaplan}, D.~L. and 
	{Kudryavtseva}, N. and {Bernardi}, G. and {Bowman}, J.~D. and 
	{Briggs}, F. and {Cappallo}, R.~J. and {Corey}, B.~E. and {Deshpande}, A.~A. and 
	{Emrich}, D. and {Gaensler}, B.~M. and {Goeke}, R. and {Greenhill}, L.~J. and 
	{Hazelton}, B.~J. and {Johnston-Hollitt}, M. and {Kasper}, J.~C. and 
	{Kratzenberg}, E. and {Lonsdale}, C.~J. and {Lynch}, M.~J. and 
	{McWhirter}, S.~R. and {Mitchell}, D.~A. and {Morales}, M.~F. and 
	{Morgan}, E. and {Oberoi}, D. and {Ord}, S.~M. and {Prabu}, T. and 
	{Rogers}, A.~E.~E. and {Roshi}, A. and {Udaya Shankar}, N. and 
	{Srivani}, K.~S. and {Subrahmanyan}, R. and {Tingay}, S.~J. and 
	{Waterson}, M. and {Wayth}, R.~B. and {Webster}, R.~L. and {Whitney}, A.~R. and 
	{Williams}, A. and {Williams}, C.~L.},
    title = "{Power spectrum analysis of ionospheric fluctuations with the Murchison Widefield Array}",
  journal = {ArXiv e-prints},
archivePrefix = "arXiv",
   eprint = {1506.01798},
 primaryClass = "astro-ph.IM",
 keywords = {Astrophysics - Instrumentation and Methods for Astrophysics, Physics - Space Physics},
     year = 2015,
    month = jun,
   adsurl = {http://adsabs.harvard.edu/abs/2015arXiv150601798L},
  adsnote = {Provided by the SAO/NASA Astrophysics Data System}
}

@ARTICLE{Loi:inPrep,
author= {{Loi et al.},},
title="{In Prep}",
year="{In Prep}",
}

@ARTICLE{Caroll:inPrep,
author= {{Caroll et al.},},
title="{In Prep}",
year="{In Prep}",
}

@ARTICLE{Pober:inPrep,
author={{Pober et al.},},
title="{In Prep}",
year="{In Prep}",
}


@ARTICLE{Sullivan:inPrep,
author={{Sullivan et al.},},
title="{In Prep}",
year="{In Prep}",
}


@ARTICLE{Lenc:inPrep,
author={{Lenc et al.},},
title="{In Prep}",
year="{In Prep}",
}


@MISC{Tingay:private,
author="Tingay, Steven",
year= "2015",
howpublished="private communication"
}

@ARTICLE{Helmboldt:2012b,
   author = {{Helmboldt}, J.~F. and {Lane}, W.~M. and {Cotton}, W.~D.},
    title = "{Climatology of midlatitude ionospheric disturbances from the Very Large Array Low-frequency Sky Survey}",
  journal = {Radio Science},
archivePrefix = "arXiv",
   eprint = {1209.1030},
 primaryClass = "physics.space-ph",
 keywords = {ionosphere climatology, ionospheric disturbances, Ionosphere: Ionospheric disturbances, Ionosphere: Ionospheric dynamics, Ionosphere: Ionospheric irregularities},
     year = 2012,
    month = oct,
   volume = 47,
      eid = {RS5008},
    pages = {5008},
      doi = {10.1029/2012RS005025},
   adsurl = {http://adsabs.harvard.edu/abs/2012RaSc...47.5008H},
  adsnote = {Provided by the SAO/NASA Astrophysics Data System}
}

@ARTICLE{Morales:2004,
   author = {{Morales}, M.~F. and {Hewitt}, J.},
    title = "{Toward Epoch of Reionization Measurements with Wide-Field Radio Observations}",
  journal = {\apj},
   eprint = {astro-ph/0312437},
 keywords = {Cosmology: Observations, Cosmology: Early Universe, Radio Lines: General},
     year = 2004,
    month = nov,
   volume = 615,
    pages = {7-18},
      doi = {10.1086/424437},
   adsurl = {http://adsabs.harvard.edu/abs/2004ApJ...615....7M},
  adsnote = {Provided by the SAO/NASA Astrophysics Data System}
}

@ARTICLE{Tegmark:1997a,
   author = {{Tegmark}, M.},
    title = "{How to measure CMB power spectra without losing information}",
  journal = {\prd},
   eprint = {astro-ph/9611174},
 keywords = {Background radiations, Origin and formation of the Universe, Observational cosmology},
     year = 1997,
    month = may,
   volume = 55,
    pages = {5895-5907},
      doi = {10.1103/PhysRevD.55.5895},
   adsurl = {http://adsabs.harvard.edu/abs/1997PhRvD..55.5895T},
  adsnote = {Provided by the SAO/NASA Astrophysics Data System}
}
@ARTICLE{Liu:2011,
   author = {{Liu}, A. and {Tegmark}, M.},
    title = "{A method for 21 cm power spectrum estimation in the presence of foregrounds}",
  journal = {\prd},
archivePrefix = "arXiv",
   eprint = {1103.0281},
 primaryClass = "astro-ph.CO",
 keywords = {Observation and data reduction techniques, computer modeling and simulation, Mathematical procedures and computer techniques, Observational cosmology},
     year = 2011,
    month = may,
   volume = 83,
   number = 10,
      eid = {103006},
    pages = {103006},
      doi = {10.1103/PhysRevD.83.103006},
   adsurl = {http://adsabs.harvard.edu/abs/2011PhRvD..83j3006L},
  adsnote = {Provided by the SAO/NASA Astrophysics Data System}
}

@ARTICLE{Dillon:2013,
   author = {{Dillon}, J.~S. and {Liu}, A. and {Tegmark}, M.},
    title = "{A fast method for power spectrum and foreground analysis for 21 cm cosmology}",
  journal = {\prd},
archivePrefix = "arXiv",
   eprint = {1211.2232},
 primaryClass = "astro-ph.CO",
 keywords = {Observation and data reduction techniques, computer modeling and simulation, Mathematical procedures and computer techniques, Cosmology, Observational cosmology},
     year = 2013,
    month = feb,
   volume = 87,
   number = 4,
      eid = {043005},
    pages = {043005},
      doi = {10.1103/PhysRevD.87.043005},
   adsurl = {http://adsabs.harvard.edu/abs/2013PhRvD..87d3005D},
  adsnote = {Provided by the SAO/NASA Astrophysics Data System}
}
@ARTICLE{Liu:2015,
   author = {{Parsons}, A.~R. and {Liu}, A. and {Ali}, Z.~S. and {Cheng}, C.
	},
    title = "{Optimized Beam Sculpting with Generalized Fringe-Rate Filters}",
  journal = {ArXiv e-prints},
archivePrefix = "arXiv",
   eprint = {1503.05564},
 primaryClass = "astro-ph.IM",
 keywords = {Astrophysics - Instrumentation and Methods for Astrophysics, Astrophysics - Cosmology and Nongalactic Astrophysics},
     year = 2015,
    month = mar,
   adsurl = {http://adsabs.harvard.edu/abs/2015arXiv150305564P},
  adsnote = {Provided by the SAO/NASA Astrophysics Data System}
}
@ARTICLE{Tegmark:1997b,
   author = {{Tegmark}, M.},
    title = "{How to Make Maps from Cosmic Microwave Background Data without Losing Information}",
  journal = {\apjl},
   eprint = {astro-ph/9611130},
 keywords = {COSMOLOGY: COSMIC MICROWAVE BACKGROUND, METHODS: DATA ANALYSIS, Cosmology: Cosmic Microwave Background, Methods: Data Analysis},
     year = 1997,
    month = may,
   volume = 480,
    pages = {L87-L90},
      doi = {10.1086/310631},
   adsurl = {http://adsabs.harvard.edu/abs/1997ApJ...480L..87T},
  adsnote = {Provided by the SAO/NASA Astrophysics Data System}
}


@ARTICLE{Sullivan:2012,
   author = {{Sullivan}, I.~S. and {Morales}, M.~F. and {Hazelton}, B.~J. and 
	{Arcus}, W. and {Barnes}, D. and {Bernardi}, G. and {Briggs}, F.~H. and 
	{Bowman}, J.~D. and {Bunton}, J.~D. and {Cappallo}, R.~J. and 
	{Corey}, B.~E. and {Deshpande}, A. and {deSouza}, L. and {Emrich}, D. and 
	{Gaensler}, B.~M. and {Goeke}, R. and {Greenhill}, L.~J. and 
	{Herne}, D. and {Hewitt}, J.~N. and {Johnston-Hollitt}, M. and 
	{Kaplan}, D.~L. and {Kasper}, J.~C. and {Kincaid}, B.~B. and 
	{Koenig}, R. and {Kratzenberg}, E. and {Lonsdale}, C.~J. and 
	{Lynch}, M.~J. and {McWhirter}, S.~R. and {Mitchell}, D.~A. and 
	{Morgan}, E. and {Oberoi}, D. and {Ord}, S.~M. and {Pathikulangara}, J. and 
	{Prabu}, T. and {Remillard}, R.~A. and {Rogers}, A.~E.~E. and 
	{Roshi}, A. and {Salah}, J.~E. and {Sault}, R.~J. and {Udaya Shankar}, N. and 
	{Srivani}, K.~S. and {Stevens}, J. and {Subrahmanyan}, R. and 
	{Tingay}, S.~J. and {Wayth}, R.~B. and {Waterson}, M. and {Webster}, R.~L. and 
	{Whitney}, A.~R. and {Williams}, A. and {Williams}, C.~L. and 
	{Wyithe}, J.~S.~B.},
    title = "{Fast Holographic Deconvolution: A New Technique for Precision Radio Interferometry}",
  journal = {\apj},
archivePrefix = "arXiv",
   eprint = {1209.1653},
 primaryClass = "astro-ph.IM",
 keywords = {dark ages, reionization, first stars, techniques: image processing, techniques: interferometric},
     year = 2012,
    month = nov,
   volume = 759,
      eid = {17},
    pages = {17},
      doi = {10.1088/0004-637X/759/1/17},
   adsurl = {http://adsabs.harvard.edu/abs/2012ApJ...759...17S},
  adsnote = {Provided by the SAO/NASA Astrophysics Data System}
}

@book{Griffiths:2013,
      author        = "Griffiths, David J",
      title         = "{Introduction to electrodynamics; 4th ed.}",
      publisher     = "Pearson",
      address       = "Boston, MA",
      year          = "2013",
      url           = "https://cds.cern.ch/record/1492149",
}


@ARTICLE{Haslam:1982,
   author = {{Haslam}, C.~G.~T. and {Salter}, C.~J. and {Stoffel}, H. and 
	{Wilson}, W.~E.},
    title = "{A 408 MHz all-sky continuum survey. II - The atlas of contour maps}",
  journal = {\aaps},
 keywords = {Astronomical Maps, Radio Astronomy, Ultrahigh Frequencies, Galactic Structure, Radio Telescopes, Relief Maps},
     year = 1982,
    month = jan,
   volume = 47,
    pages = {1},
   adsurl = {http://adsabs.harvard.edu/abs/1982A%26AS...47....1H},
  adsnote = {Provided by the SAO/NASA Astrophysics Data System}
}

@ARTICLE{Paciga:2013,
   author = {{Paciga}, G. and {Albert}, J.~G. and {Bandura}, K. and {Chang}, T.-C. and 
	{Gupta}, Y. and {Hirata}, C. and {Odegova}, J. and {Pen}, U.-L. and 
	{Peterson}, J.~B. and {Roy}, J. and {Shaw}, J.~R. and {Sigurdson}, K. and 
	{Voytek}, T.},
    title = "{A simulation-calibrated limit on the H I power spectrum from the GMRT Epoch of Reionization experiment}",
  journal = {\mnras},
archivePrefix = "arXiv",
   eprint = {1301.5906},
 keywords = {intergalactic medium, cosmology: observations, diffuse radiation, radio lines: general},
     year = 2013,
    month = jul,
   volume = 433,
    pages = {639-647},
      doi = {10.1093/mnras/stt753},
   adsurl = {http://adsabs.harvard.edu/abs/2013MNRAS.433..639P},
  adsnote = {Provided by the SAO/NASA Astrophysics Data System}
}


@ARTICLE{Paciga:2013_short,
   author = {{Paciga}, G. and {Albert}, J.~G. and {11 co-authors}},
    title = "{A simulation-calibrated limit on the H I power spectrum from the GMRT Epoch of Reionization experiment}",
  journal = {\mnras},
archivePrefix = "arXiv",
   eprint = {1301.5906},
 primaryClass = "astro-ph.CO",
 keywords = {intergalactic medium, cosmology: observations, diffuse radiation, radio lines: general},
     year = 2013,
    month = jul,
   volume = 433,
    pages = {639-647},
      doi = {10.1093/mnras/stt753},
   adsurl = {http://adsabs.harvard.edu/abs/2013MNRAS.433..639P},
  adsnote = {Provided by the SAO/NASA Astrophysics Data System}
}
@techreport{Dewdney:2013,
author = {Dewdney, P},
title = {{SKA1 SYSTEM BASELINE DESIGN}},
year = {2013},
month = mar
}



@ARTICLE{Jacobs:2011,
   author = {{Jacobs}, D.~C. and {Aguirre}, J.~E. and {Parsons}, A.~R. and 
	{Pober}, J.~C. and {Bradley}, R.~F. and {Carilli}, C.~L. and 
	{Gugliucci}, N.~E. and {Manley}, J.~R. and {van der Merwe}, C. and 
	{Moore}, D.~F. and {Parashare}, C.~R.},
    title = "{New 145 MHz Source Measurements by PAPER in the Southern Sky}",
  journal = {\apjl},
archivePrefix = "arXiv",
   eprint = {1105.1367},
 primaryClass = "astro-ph.CO",
 keywords = {catalogs, dark ages, reionization, first stars, instrumentation: interferometers},
     year = 2011,
    month = jun,
   volume = 734,
      eid = {L34},
    pages = {L34},
      doi = {10.1088/2041-8205/734/2/L34},
   adsurl = {http://adsabs.harvard.edu/abs/2011ApJ...734L..34J},
  adsnote = {Provided by the SAO/NASA Astrophysics Data System}
}


@ARTICLE{Large:1981,
   author = {{Large}, M.~I. and {Mills}, B.~Y. and {Little}, A.~G. and {Crawford}, D.~F. and 
	{Sutton}, J.~M.},
    title = "{The Molonglo Reference Catalogue of Radio Sources}",
  journal = {\mnras},
     year = 1981,
    month = feb,
   volume = 194,
    pages = {693},
   adsurl = {http://adsabs.harvard.edu/abs/1981MNRAS.194..693L},
  adsnote = {Provided by the SAO/NASA Astrophysics Data System}
}




@ARTICLE{Fomalant:1989,
   author = {{Fomalont}, E.~B. and {Ebneter}, K.~A. and {van Breugel}, W.~J.~M. and 
	{Ekers}, R.~D.},
    title = "{Depolarization silhouettes and the filamentary structure in the radio source Fornax A}",
  journal = {\apjl},
 keywords = {Dark Matter, Intergalactic Media, Radio Galaxies, Radio Sources (Astronomy), Very Large Array (Vla), Depolarization, Galactic Structure, Spiral Galaxies},
     year = 1989,
    month = nov,
   volume = 346,
    pages = {L17-L20},
      doi = {10.1086/185568},
   adsurl = {http://adsabs.harvard.edu/abs/1989ApJ...346L..17F},
  adsnote = {Provided by the SAO/NASA Astrophysics Data System}
}


@ARTICLE{Perley:1997,
   author = {{Perley}, R.~A. and {Roser}, H.-J. and {Meisenheimer}, K.},
    title = "{The radio galaxy PictorA -- a study with the VLA}",
  journal = {\aap},
 keywords = {ACCELERATION OF PARTICLES, POLARIZATION, RADIATION MECHNISMS: NON-THERMAL, GALAXIES: PICTOR A, RADIO CONTINUUM: GALAXIES},
     year = 1997,
    month = dec,
   volume = 328,
    pages = {12-32},
   adsurl = {http://adsabs.harvard.edu/abs/1997A%26A...328...12P},
  adsnote = {Provided by the SAO/NASA Astrophysics Data System}
}

@ARTICLE{Matejek:2009,
   author = {{Matejek}, M.~S. and {Morales}, M.~F.},
    title = "{Correcting for the ionosphere in the uv-plane}",
  journal = {ArXiv e-prints},
archivePrefix = "arXiv",
   eprint = {0911.3942},
 primaryClass = "astro-ph.IM",
 keywords = {Astrophysics - Instrumentation and Methods for Astrophysics, Astrophysics - Cosmology and Extragalactic Astrophysics},
     year = 2009,
    month = nov,
   adsurl = {http://adsabs.harvard.edu/abs/2009arXiv0911.3942M},
  adsnote = {Provided by the SAO/NASA Astrophysics Data System}
}
@article{Rideout:2006,
year={2006},
issn={1080-5370},
journal={GPS Solutions},
volume={10},
number={3},
doi={10.1007/s10291-006-0029-5},
title={Automated GPS processing for global total electron content data},
url={http://dx.doi.org/10.1007/s10291-006-0029-5},
publisher={Springer-Verlag},
author={Rideout, William and Coster, Anthea},
pages={219-228},
language={English}
}
@ARTICLE{Baek:2010,
   author = {{Baek}, S. and {Semelin}, B. and {Di Matteo}, P. and {Revaz}, Y. and 
	{Combes}, F.},
    title = "{Reionization by UV or X-ray sources}",
  journal = {\aap},
archivePrefix = "arXiv",
   eprint = {1003.0834},
 keywords = {dark ages, reionization, first stars, radiative transfer, HII regions, quasars: general, intergalactic medium, early Universe},
     year = 2010,
    month = nov,
   volume = 523,
      eid = {A4},
    pages = {A4},
      doi = {10.1051/0004-6361/201014347},
   adsurl = {http://adsabs.harvard.edu/abs/2010A%26A...523A...4B},
  adsnote = {Provided by the SAO/NASA Astrophysics Data System}
}

@ARTICLE{Santos:2008,
   author = {{Santos}, M.~G. and {Amblard}, A. and {Pritchard}, J. and {Trac}, H. and 
	{Cen}, R. and {Cooray}, A.},
    title = "{Cosmic Reionization and the 21 cm Signal: Comparison between an Analytical Model and a Simulation}",
  journal = {\apj},
archivePrefix = "arXiv",
   eprint = {0708.2424},
 keywords = {Cosmology: Theory, Cosmology: Diffuse Radiation, Cosmology: Large-Scale Structure of Universe},
     year = 2008,
    month = dec,
   volume = 689,
    pages = {1-16},
      doi = {10.1086/592487},
   adsurl = {http://adsabs.harvard.edu/abs/2008ApJ...689....1S},
  adsnote = {Provided by the SAO/NASA Astrophysics Data System}
}


@ARTICLE{Pober:2013b,
   author = {{Pober}, J.~C. and {Parsons}, A.~R. and {DeBoer}, D.~R. and 
	{McDonald}, P. and {McQuinn}, M. and {Aguirre}, J.~E. and {Ali}, Z. and 
	{Bradley}, R.~F. and {Chang}, T.-C. and {Morales}, M.~F.},
    title = "{The Baryon Acoustic Oscillation Broadband and Broad-beam Array: Design Overview and Sensitivity Forecasts}",
  journal = {\aj},
archivePrefix = "arXiv",
   eprint = {1210.2413},
 keywords = {cosmological parameters, distance scale, instrumentation: interferometers, large-scale structure of universe, techniques: interferometric },
     year = 2013,
    month = mar,
   volume = 145,
      eid = {65},
    pages = {65},
      doi = {10.1088/0004-6256/145/3/65},
   adsurl = {http://adsabs.harvard.edu/abs/2013AJ....145...65P},
  adsnote = {Provided by the SAO/NASA Astrophysics Data System}
}


@ARTICLE{Pober:2013a,
   author = {{Pober}, J.~C. and {Parsons}, A.~R. and {Aguirre}, J.~E. and 
	{Ali}, Z. and {Bradley}, R.~F. and {Carilli}, C.~L. and {DeBoer}, D. and 
	{Dexter}, M. and {Gugliucci}, N.~E. and {Jacobs}, D.~C. and 
	{Klima}, P.~J. and {MacMahon}, D. and {Manley}, J. and {Moore}, D.~F. and 
	{Stefan}, I.~I. and {Walbrugh}, W.~P.},
    title = "{Opening the 21 cm Epoch of Reionization Window: Measurements of Foreground Isolation with PAPER}",
  journal = {\apjl},
archivePrefix = "arXiv",
   eprint = {1301.7099},
 primaryClass = "astro-ph.CO",
 keywords = {cosmology: observations, dark ages, reionization, first stars, techniques: interferometric},
     year = 2013,
    month = may,
   volume = 768,
      eid = {L36},
    pages = {L36},
      doi = {10.1088/2041-8205/768/2/L36},
   adsurl = {http://adsabs.harvard.edu/abs/2013ApJ...768L..36P},
  adsnote = {Provided by the SAO/NASA Astrophysics Data System}
}

@ARTICLE{Morales:2009,
   author = {{Morales}, M.~F. and {Matejek}, M.},
    title = "{Software holography: interferometric data analysis for the challenges of next generation observatories}",
  journal = {\mnras},
archivePrefix = "arXiv",
   eprint = {0810.5107},
 keywords = {instrumentation: interferometers , techniques: interferometric , cosmology: miscellaneous},
     year = 2009,
    month = dec,
   volume = 400,
    pages = {1814-1820},
      doi = {10.1111/j.1365-2966.2009.15537.x},
   adsurl = {http://adsabs.harvard.edu/abs/2009MNRAS.400.1814M},
  adsnote = {Provided by the SAO/NASA Astrophysics Data System}
}

@ARTICLE{Hazelton:2013,
   author = {{Hazelton}, B.~J. and {Morales}, M.~F. and {Sullivan}, I.~S.
	},
    title = "{The Fundamental Multi-baseline Mode-mixing Foreground in 21 cm Epoch of Reionization Observations}",
  journal = {\apj},
archivePrefix = "arXiv",
   eprint = {1301.3126},
 primaryClass = "astro-ph.IM",
 keywords = {cosmology: observations, methods: data analysis, techniques: interferometric},
     year = 2013,
    month = jun,
   volume = 770,
      eid = {156},
    pages = {156},
      doi = {10.1088/0004-637X/770/2/156},
   adsurl = {http://adsabs.harvard.edu/abs/2013ApJ...770..156H},
  adsnote = {Provided by the SAO/NASA Astrophysics Data System}
}


@ARTICLE{Pacucci:2014,
   author = {{Pacucci}, F. and {Mesinger}, A. and {Mineo}, S. and {Ferrara}, A.
	},
    title = "{The X-ray spectra of the first galaxies: 21 cm signatures}",
  journal = {\mnras},
archivePrefix = "arXiv",
   eprint = {1403.6125},
 keywords = {galaxies: high-redshift, cosmology: theory, X-rays: binaries, X-rays: diffuse background, X-rays: galaxies, X-rays: ISM},
     year = 2014,
    month = sep,
   volume = 443,
    pages = {678-686},
      doi = {10.1093/mnras/stu1240},
   adsurl = {http://adsabs.harvard.edu/abs/2014MNRAS.443..678P},
  adsnote = {Provided by the SAO/NASA Astrophysics Data System}
}


@ARTICLE{Koopmans:2015,
   author = {{Koopmans}, L.~V.~E. and {Pritchard}, J. and {Mellema}, G. and 
	{Abdalla}, F. and {Aguirre}, J. and {Ahn}, K. and {Barkana}, R. and 
	{van Bemmel}, I. and {Bernardi}, G. and {Bonaldi}, A. and {Briggs}, F. and 
	{de Bruyn}, A.~G. and {Chang}, T.~C. and {Chapman}, E. and {Chen}, X. and 
	{Ciardi}, B. and {Datta}, K.~K. and {Dayal}, P. and {Ferrara}, A. and 
	{Fialkov}, A. and {Fiore}, F. and {Ichiki}, K. and {Illiev}, I.~T. and 
	{Inoue}, S. and {Jeli{\'c}}, V. and {Jones}, M. and {Lazio}, J. and 
	{Maio}, U. and {Majumdar}, S. and {Mack}, K.~J. and {Mesinger}, A. and 
	{Morales}, M.~F. and {Parsons}, A. and {Pen}, U.-L. and {Santos}, M. and 
	{Schneider}, R. and {Semelin}, B. and {de Souza}, R.~S. and 
	{Subrahmanyan}, R. and {Takeuchi}, T. and {Trott}, C. and {Vedantham}, H. and 
	{Wagg}, J. and {Webster}, R. and {Wyithe}, S.},
    title = "{The Cosmic Dawn and Epoch of Reionization with the Square Kilometre Array}",
  journal = {ArXiv e-prints},
archivePrefix = "arXiv",
   eprint = {1505.07568},
 keywords = {Astrophysics - Cosmology and Nongalactic Astrophysics},
     year = 2015,
    month = may,
   adsurl = {http://adsabs.harvard.edu/abs/2015arXiv150507568K},
  adsnote = {Provided by the SAO/NASA Astrophysics Data System}
}




@ARTICLE{Dillon:2015b,
   author = {{Dillon}, J.~S. and {Neben}, A.~R. and {Hewitt}, J.~N. and {Tegmark}, M. and 
	{Barry}, N. and {Beardsley}, A.~P. and {Bowman}, J.~D. and {Briggs}, F. and 
	{Carroll}, P. and {de Oliveira-Costa}, A. and {Ewall-Wice}, A. and 
	{Feng}, L. and {Greenhill}, L.~J. and {Hazelton}, B.~J. and 
	{Hernquist}, L. and {Hurley-Walker}, N. and {Jacobs}, D.~C. and 
	{Kim}, H.~S. and {Kittiwisit}, P. and {Lenc}, E. and {Line}, J. and 
	{Loeb}, A. and {McKinley}, B. and {Mitchell}, D.~A. and {Morales}, M.~F. and 
	{Offringa}, A.~R. and {Paul}, S. and {Pindor}, B. and {Pober}, J.~C. and 
	{Procopio}, P. and {Riding}, J. and {Sethi}, S. and {Shankar}, N.~U. and 
	{Subrahmanyan}, R. and {Sullivan}, I. and {Thyagarajan}, N. and 
	{Tingay}, S.~J. and {Trott}, C. and {Wayth}, R.~B. and {Webster}, R.~L. and 
	{Wyithe}, S. and {Bernardi}, G. and {Cappallo}, R.~J. and {Deshpande}, A.~A. and 
	{Johnston-Hollitt}, M. and {Kaplan}, D.~L. and {Lonsdale}, C.~J. and 
	{McWhirter}, S.~R. and {Morgan}, E. and {Oberoi}, D. and {Ord}, S.~M. and 
	{Prabu}, T. and {Srivani}, K.~S. and {Williams}, A. and {Williams}, C.~L.
	},
    title = "{Empirical covariance modeling for 21 cm power spectrum estimation: A method demonstration and new limits from early Murchison Widefield Array 128-tile data}",
  journal = {\prd},
archivePrefix = "arXiv",
   eprint = {1506.01026},
 keywords = {Observation and data reduction techniques, computer modeling and simulation, Interferometry, Cosmology, Observational cosmology},
     year = 2015,
    month = jun,
   volume = 91,
   number = 12,
      eid = {123011},
    pages = {123011},
      doi = {10.1103/PhysRevD.91.123011},
   adsurl = {http://adsabs.harvard.edu/abs/2015PhRvD..91l3011D},
  adsnote = {Provided by the SAO/NASA Astrophysics Data System}
}


@ARTICLE{Dillon:2015a,
   author = {{Dillon}, J.~S. and {Tegmark}, M. and {Liu}, A. and {Ewall-Wice}, A. and 
	{Hewitt}, J.~N. and {Morales}, M.~F. and {Neben}, A.~R. and 
	{Parsons}, A.~R. and {Zheng}, H.},
    title = "{Mapmaking for precision 21 cm cosmology}",
  journal = {\prd},
archivePrefix = "arXiv",
   eprint = {1410.0963},
 keywords = {Observation and data reduction techniques, computer modeling and simulation, Interferometry, Intergalactic matter, quasar absorption and emission-line systems, Lyman forest, Observational cosmology},
     year = 2015,
    month = jan,
   volume = 91,
   number = 2,
      eid = {023002},
    pages = {023002},
      doi = {10.1103/PhysRevD.91.023002},
   adsurl = {http://adsabs.harvard.edu/abs/2015PhRvD..91b3002D},
  adsnote = {Provided by the SAO/NASA Astrophysics Data System}
}




@ARTICLE{Dillon:2014,
   author = {{Dillon}, J.~S. and {Liu}, A. and {Williams}, C.~L. and {Hewitt}, J.~N. and 
	{Tegmark}, M. and {Morgan}, E.~H. and {Levine}, A.~M. and {Morales}, M.~F. and 
	{Tingay}, S.~J. and {Bernardi}, G. and {Bowman}, J.~D. and {Briggs}, F.~H. and 
	{Cappallo}, R.~C. and {Emrich}, D. and {Mitchell}, D.~A. and 
	{Oberoi}, D. and {Prabu}, T. and {Wayth}, R. and {Webster}, R.~L.
	},
    title = "{Overcoming real-world obstacles in 21 cm power spectrum estimation: A method demonstration and results from early Murchison Widefield Array data}",
  journal = {\prd},
archivePrefix = "arXiv",
   eprint = {1304.4229},
 primaryClass = "astro-ph.CO",
 keywords = {Observation and data reduction techniques, computer modeling and simulation, Radio microwave, Cosmology, Observational cosmology},
     year = 2014,
    month = jan,
   volume = 89,
   number = 2,
      eid = {023002},
    pages = {023002},
      doi = {10.1103/PhysRevD.89.023002},
   adsurl = {http://adsabs.harvard.edu/abs/2014PhRvD..89b3002D},
  adsnote = {Provided by the SAO/NASA Astrophysics Data System}
}


@ARTICLE{Dillon:2014_Short,
   author = {{Dillon}, J.~S. and {Liu}, A. and {Williams}, C.~L. and {Hewitt}, J.~N. and 
	{Tegmark}, M. and {12 co-authors}},
    title = "{Overcoming real-world obstacles in 21 cm power spectrum estimation: A method demonstration and results from early Murchison Widefield Array data}",
  journal = {\prd},
archivePrefix = "arXiv",
   eprint = {1304.4229},
 primaryClass = "astro-ph.CO",
 keywords = {Observation and data reduction techniques, computer modeling and simulation, Radio microwave, Cosmology, Observational cosmology},
     year = 2014,
    month = jan,
   volume = 89,
   number = 2,
      eid = {023002},
    pages = {023002},
      doi = {10.1103/PhysRevD.89.023002},
   adsurl = {http://adsabs.harvard.edu/abs/2014PhRvD..89b3002D},
  adsnote = {Provided by the SAO/NASA Astrophysics Data System}
}


@ARTICLE{Beardsley:2013,
   author = {{Beardsley}, A.~P. and {Hazelton}, B.~J. and {Morales}, M.~F. and 
	{Arcus}, W. and {Barnes}, D. and {Bernardi}, G. and {Bowman}, J.~D. and 
	{Briggs}, F.~H. and {Bunton}, J.~D. and {Cappallo}, R.~J. and 
	{Corey}, B.~E. and {Deshpande}, A. and {deSouza}, L. and {Emrich}, D. and 
	{Gaensler}, B.~M. and {Goeke}, R. and {Greenhill}, L.~J. and 
	{Herne}, D. and {Hewitt}, J.~N. and {Johnston-Hollitt}, M. and 
	{Kaplan}, D.~L. and {Kasper}, J.~C. and {Kincaid}, B.~B. and 
	{Koenig}, R. and {Kratzenberg}, E. and {Lonsdale}, C.~J. and 
	{Lynch}, M.~J. and {McWhirter}, S.~R. and {Mitchell}, D.~A. and 
	{Morgan}, E. and {Oberoi}, D. and {Ord}, S.~M. and {Pathikulangara}, J. and 
	{Prabu}, T. and {Remillard}, R.~A. and {Rogers}, A.~E.~E. and 
	{Roshi}, A. and {Salah}, J.~E. and {Sault}, R.~J. and {Udaya}, S.~N. and 
	{Srivani}, K.~S. and {Stevens}, J. and {Subrahmanyan}, R. and 
	{Tingay}, S.~J. and {Wayth}, R.~B. and {Waterson}, M. and {Webster}, R.~L. and 
	{Whitney}, A.~R. and {Williams}, A. and {Williams}, C.~L. and 
	{Wyithe}, J.~S.~B.},
    title = "{The EoR sensitivity of the Murchison Widefield Array}",
  journal = {\mnras},
archivePrefix = "arXiv",
   eprint = {1204.3111},
 primaryClass = "astro-ph.IM",
 keywords = {instrumentation: interferometers, cosmology: miscellaneous},
     year = 2013,
    month = feb,
   volume = 429,
    pages = {L5-L9},
      doi = {10.1093/mnrasl/sls013},
   adsurl = {http://adsabs.harvard.edu/abs/2013MNRAS.429L...5B},
  adsnote = {Provided by the SAO/NASA Astrophysics Data System}
}


@ARTICLE{Kassim:2007,
   author = {{Kassim}, N.~E. and {Lazio}, T.~J.~W. and {Erickson}, W.~C. and 
	{Perley}, R.~A. and {Cotton}, W.~D. and {Greisen}, E.~W. and 
	{Cohen}, A.~S. and {Hicks}, B. and {Schmitt}, H.~R. and {Katz}, D.
	},
    title = "{The 74 MHz System on the Very Large Array}",
  journal = {\apjs},
archivePrefix = "arXiv",
   eprint = {0704.3088},
 keywords = {Astrometry, Instrumentation: Interferometers, Techniques: High Anular Resolution, Techniques: Image Processing, Techniques: Interferometric},
     year = 2007,
    month = oct,
   volume = 172,
    pages = {686-719},
      doi = {10.1086/519022},
   adsurl = {http://adsabs.harvard.edu/abs/2007ApJS..172..686K},
  adsnote = {Provided by the SAO/NASA Astrophysics Data System}
}


@ARTICLE{Rogers:2008,
   author = {{Rogers}, A.~E.~E. and {Bowman}, J.~D.},
    title = "{Spectral Index of the Diffuse Radio Background Measured from 100 to 200 MHz}",
  journal = {\aj},
archivePrefix = "arXiv",
   eprint = {0806.2868},
 keywords = {Galaxy: general, radio continuum: general, techniques: spectroscopic},
     year = 2008,
    month = aug,
   volume = 136,
    pages = {641-648},
      doi = {10.1088/0004-6256/136/2/641},
   adsurl = {http://adsabs.harvard.edu/abs/2008AJ....136..641R},
  adsnote = {Provided by the SAO/NASA Astrophysics Data System}
}

@ARTICLE{Parsons:2014_short,
   author = {{Parsons}, A.~R. and {Liu}, A. and {Aguirre}, J.~E. and {Ali}, Z.~S. and {13 co-authors}},
    title = "{New Limits on 21 cm Epoch of Reionization from PAPER-32 Consistent with an X-Ray Heated Intergalactic Medium at z = 7.7}",
  journal = {\apj},
archivePrefix = "arXiv",
   eprint = {1304.4991},
 keywords = {cosmology: observations, dark ages, reionization, first stars, early universe, instrumentation: interferometers, intergalactic medium, radio continuum: general},
     year = 2014,
    month = jun,
   volume = 788,
      eid = {106},
    pages = {106},
      doi = {10.1088/0004-637X/788/2/106},
   adsurl = {http://adsabs.harvard.edu/abs/2014ApJ...788..106P},
  adsnote = {Provided by the SAO/NASA Astrophysics Data System}
}


@ARTICLE{Parsons:2014,
   author = {{Parsons}, A.~R. and {Liu}, A. and {Aguirre}, J.~E. and {Ali}, Z.~S. and 
	{Bradley}, R.~F. and {Carilli}, C.~L. and {DeBoer}, D.~R. and 
	{Dexter}, M.~R. and {Gugliucci}, N.~E. and {Jacobs}, D.~C. and 
	{Klima}, P. and {MacMahon}, D.~H.~E. and {Manley}, J.~R. and 
	{Moore}, D.~F. and {Pober}, J.~C. and {Stefan}, I.~I. and {Walbrugh}, W.~P.
	},
    title = "{New Limits on 21 cm Epoch of Reionization from PAPER-32 Consistent with an X-Ray Heated Intergalactic Medium at z = 7.7}",
  journal = {\apj},
archivePrefix = "arXiv",
   eprint = {1304.4991},
 keywords = {cosmology: observations, dark ages, reionization, first stars, early universe, instrumentation: interferometers, intergalactic medium, radio continuum: general},
     year = 2014,
    month = jun,
   volume = 788,
      eid = {106},
    pages = {106},
      doi = {10.1088/0004-637X/788/2/106},
   adsurl = {http://adsabs.harvard.edu/abs/2014ApJ...788..106P},
  adsnote = {Provided by the SAO/NASA Astrophysics Data System}
}


@ARTICLE{Morales:2010,
   author = {{Morales}, M.~F. and {Wyithe}, J.~S.~B.},
    title = "{Reionization and Cosmology with 21-cm Fluctuations}",
  journal = {\araa},
archivePrefix = "arXiv",
   eprint = {0910.3010},
     year = 2010,
    month = sep,
   volume = 48,
    pages = {127-171},
      doi = {10.1146/annurev-astro-081309-130936},
   adsurl = {http://adsabs.harvard.edu/abs/2010ARA%26A..48..127M},
  adsnote = {Provided by the SAO/NASA Astrophysics Data System}
}


@ARTICLE{Barkana:2001,
   author = {{Barkana}, R. and {Loeb}, A.},
    title = "{In the beginning: the first sources of light and the reionization of the universe}",
  journal = {\physrep},
   eprint = {astro-ph/0010468},
     year = 2001,
    month = jul,
   volume = 349,
    pages = {125-238},
      doi = {10.1016/S0370-1573(01)00019-9},
   adsurl = {http://adsabs.harvard.edu/abs/2001PhR...349..125B},
  adsnote = {Provided by the SAO/NASA Astrophysics Data System}
}

@ARTICLE{Jester:2009,
   author = {{Jester}, S. and {Falcke}, H.},
    title = "{Science with a lunar low-frequency array: From the dark ages of the Universe to nearby exoplanets}",
  journal = {\nar},
archivePrefix = "arXiv",
   eprint = {0902.0493},
 primaryClass = "astro-ph.CO",
 keywords = {Radio telescopes and instrumentation, heterodyne receivers, Astronomical catalogs atlases sky surveys databases retrieval systems archives etc., Neutrino muon pion and other elementary particles, cosmic rays, Cosmology},
     year = 2009,
    month = may,
   volume = 53,
    pages = {1-26},
      doi = {10.1016/j.newar.2009.02.001},
   adsurl = {http://adsabs.harvard.edu/abs/2009NewAR..53....1J},
  adsnote = {Provided by the SAO/NASA Astrophysics Data System}
}


@ARTICLE{Mineo:2012b,
   author = {{Mineo}, S. and {Gilfanov}, M. and {Sunyaev}, R.},
    title = "{X-ray emission from star-forming galaxies - II. Hot interstellarmedium}",
  journal = {\mnras},
archivePrefix = "arXiv",
   eprint = {1205.3715},
 primaryClass = "astro-ph.HE",
 keywords = {galaxies: star formation, X-rays: binaries, X-rays: galaxies, X-rays: ISM},
     year = 2012,
    month = nov,
   volume = 426,
    pages = {1870-1883},
      doi = {10.1111/j.1365-2966.2012.21831.x},
   adsurl = {http://adsabs.harvard.edu/abs/2012MNRAS.426.1870M},
  adsnote = {Provided by the SAO/NASA Astrophysics Data System}
}


@ARTICLE{Mineo:2012a,
   author = {{Mineo}, S. and {Gilfanov}, M. and {Sunyaev}, R.},
    title = "{X-ray emission from star-forming galaxies - I. High-mass X-ray binaries}",
  journal = {\mnras},
archivePrefix = "arXiv",
   eprint = {1105.4610},
 primaryClass = "astro-ph.HE",
 keywords = {stars: formation, galaxies: irregular, galaxies: spiral, galaxies: starburst, X-rays: binaries, X-rays: galaxies},
     year = 2012,
    month = jan,
   volume = 419,
    pages = {2095-2115},
      doi = {10.1111/j.1365-2966.2011.19862.x},
   adsurl = {http://adsabs.harvard.edu/abs/2012MNRAS.419.2095M},
  adsnote = {Provided by the SAO/NASA Astrophysics Data System}
}

@ARTICLE{Trott:2012,
   author = {{Trott}, C.~M. and {Wayth}, R.~B. and {Tingay}, S.~J.},
    title = "{The Impact of Point-source Subtraction Residuals on 21 cm Epoch of Reionization Estimation}",
  journal = {\apj},
archivePrefix = "arXiv",
   eprint = {1208.0646},
 keywords = {early universe, methods: analytical, techniques: interferometric},
     year = 2012,
    month = sep,
   volume = 757,
      eid = {101},
    pages = {101},
      doi = {10.1088/0004-637X/757/1/101},
   adsurl = {http://adsabs.harvard.edu/abs/2012ApJ...757..101T},
  adsnote = {Provided by the SAO/NASA Astrophysics Data System}
}

@ARTICLE{Liu:2014a,
   author = {{Liu}, A. and {Parsons}, A.~R. and {Trott}, C.~M.},
    title = "{Epoch of reionization window. I. Mathematical formalism}",
  journal = {\prd},
archivePrefix = "arXiv",
   eprint = {1404.2596},
 keywords = {Observation and data reduction techniques, computer modeling and simulation, Mathematical procedures and computer techniques, Cosmology, Observational cosmology},
     year = 2014,
    month = jul,
   volume = 90,
   number = 2,
      eid = {023018},
    pages = {023018},
      doi = {10.1103/PhysRevD.90.023018},
   adsurl = {http://adsabs.harvard.edu/abs/2014PhRvD..90b3018L},
  adsnote = {Provided by the SAO/NASA Astrophysics Data System}
}

@ARTICLE{Liu:2014b,
   author = {{Liu}, A. and {Parsons}, A.~R. and {Trott}, C.~M.},
    title = "{Epoch of reionization window. II. Statistical methods for foreground wedge reduction}",
  journal = {\prd},
archivePrefix = "arXiv",
   eprint = {1404.4372},
 keywords = {Observation and data reduction techniques, computer modeling and simulation, Mathematical procedures and computer techniques, Cosmology, Observational cosmology},
     year = 2014,
    month = jul,
   volume = 90,
   number = 2,
      eid = {023019},
    pages = {023019},
      doi = {10.1103/PhysRevD.90.023019},
   adsurl = {http://adsabs.harvard.edu/abs/2014PhRvD..90b3019L},
  adsnote = {Provided by the SAO/NASA Astrophysics Data System}
}



@INPROCEEDINGS{Cornwell:1999:SelfCal,
   author = {{Cornwell}, T. and {Fomalont}, E.~B.},
    title = "{Self-Calibration}",
booktitle = {Synthesis Imaging in Radio Astronomy II},
     year = 1999,
   series = {Astronomical Society of the Pacific Conference Series},
   volume = 180,
   editor = {{Taylor}, G.~B. and {Carilli}, C.~L. and {Perley}, R.~A.},
    pages = {187},
   adsurl = {http://adsabs.harvard.edu/abs/1999ASPC..180..187C},
  adsnote = {Provided by the SAO/NASA Astrophysics Data System}
}


@ARTICLE{Prabu:2015,
   author = {{Prabu}, T. and {Srivani}, K.~S. and {Roshi}, D.~A. and {Kamini}, P.~A. and 
	{Madhavi}, S. and {Emrich}, D. and {Crosse}, B. and {Williams}, A.~J. and 
	{Waterson}, M. and {Deshpande}, A.~A. and {Shankar}, N.~U. and 
	{Subrahmanyan}, R. and {Briggs}, F.~H. and {Goeke}, R.~F. and 
	{Tingay}, S.~J. and {Johnston-Hollitt}, M. and {R}, G.~M. and 
	{Morgan}, E.~H. and {Pathikulangara}, J. and {Bunton}, J.~D. and 
	{Hampson}, G. and {Williams}, C. and {Ord}, S.~M. and {Wayth}, R.~B. and 
	{Kumar}, D. and {Morales}, M.~F. and {deSouza}, L. and {Kratzenberg}, E. and 
	{Pallot}, D. and {McWhirter}, R. and {Hazelton}, B.~J. and {Arcus}, W. and 
	{Barnes}, D.~G. and {Bernardi}, G. and {Booler}, T. and {Bowman}, J.~D. and 
	{Cappallo}, R.~J. and {Corey}, B.~E. and {Greenhill}, L.~J. and 
	{Herne}, D. and {Hewitt}, J.~N. and {Kaplan}, D.~L. and {Kasper}, J.~C. and 
	{Kincaid}, B.~B. and {Koenig}, R. and {Lonsdale}, C.~J. and 
	{Lynch}, M.~J. and {Mitchell}, D.~A. and {Oberoi}, D. and {Remillard}, R.~A. and 
	{Rogers}, A.~E. and {Salah}, J.~E. and {Sault}, R.~J. and {Stevens}, J.~B. and 
	{Tremblay}, S. and {Webster}, R.~L. and {Whitney}, A.~R. and 
	{Wyithe}, S.~B.},
    title = "{A digital-receiver for the MurchisonWidefield Array}",
  journal = {Experimental Astronomy},
archivePrefix = "arXiv",
   eprint = {1502.05015},
 primaryClass = "astro-ph.IM",
 keywords = {ADC, Channelizer, Digital-receiver, FPGA, MWA, MRO, PFB, Radio astronomy instrumentation, Radio telescope, SKA},
     year = 2015,
    month = mar,
   volume = 39,
    pages = {73-93},
      doi = {10.1007/s10686-015-9444-3},
   adsurl = {http://adsabs.harvard.edu/abs/2015ExA....39...73P},
  adsnote = {Provided by the SAO/NASA Astrophysics Data System}
}




@ARTICLE{Mirabel:2011,
   author = {{Mirabel}, I.~F. and {Dijkstra}, M. and {Laurent}, P. and {Loeb}, A. and 
	{Pritchard}, J.~R.},
    title = "{Stellar black holes at the dawn of the universe}",
  journal = {\aap},
archivePrefix = "arXiv",
   eprint = {1102.1891},
 keywords = {X-rays: binaries, black hole physics, dark ages, reionization, first stars, cosmology: miscellaneous, intergalactic medium},
     year = 2011,
    month = apr,
   volume = 528,
      eid = {A149},
    pages = {A149},
      doi = {10.1051/0004-6361/201016357},
   adsurl = {http://adsabs.harvard.edu/abs/2011A%26A...528A.149M},
  adsnote = {Provided by the SAO/NASA Astrophysics Data System}
}

@ARTICLE{Bowman:2013,
   author = {{Bowman}, J.~D. and {Cairns}, I. and {Kaplan}, D.~L. and {Murphy}, T. and 
	{Oberoi}, D. and {Staveley-Smith}, L. and {Arcus}, W. and {Barnes}, D.~G. and 
	{Bernardi}, G. and {Briggs}, F.~H. and {Brown}, S. and {Bunton}, J.~D. and 
	{Burgasser}, A.~J. and {Cappallo}, R.~J. and {Chatterjee}, S. and 
	{Corey}, B.~E. and {Coster}, A. and {Deshpande}, A. and {deSouza}, L. and 
	{Emrich}, D. and {Erickson}, P. and {Goeke}, R.~F. and {Gaensler}, B.~M. and 
	{Greenhill}, L.~J. and {Harvey-Smith}, L. and {Hazelton}, B.~J. and 
	{Herne}, D. and {Hewitt}, J.~N. and {Johnston-Hollitt}, M. and 
	{Kasper}, J.~C. and {Kincaid}, B.~B. and {Koenig}, R. and {Kratzenberg}, E. and 
	{Lonsdale}, C.~J. and {Lynch}, M.~J. and {Matthews}, L.~D. and 
	{McWhirter}, S.~R. and {Mitchell}, D.~A. and {Morales}, M.~F. and 
	{Morgan}, E.~H. and {Ord}, S.~M. and {Pathikulangara}, J. and 
	{Prabu}, T. and {Remillard}, R.~A. and {Robishaw}, T. and {Rogers}, A.~E.~E. and 
	{Roshi}, A.~A. and {Salah}, J.~E. and {Sault}, R.~J. and {Shankar}, N.~U. and 
	{Srivani}, K.~S. and {Stevens}, J.~B. and {Subrahmanyan}, R. and 
	{Tingay}, S.~J. and {Wayth}, R.~B. and {Waterson}, M. and {Webster}, R.~L. and 
	{Whitney}, A.~R. and {Williams}, A.~J. and {Williams}, C.~L. and 
	{Wyithe}, J.~S.~B.},
    title = "{Science with the Murchison Widefield Array}",
  journal = {\pasa},
archivePrefix = "arXiv",
   eprint = {1212.5151},
 primaryClass = "astro-ph.IM",
 keywords = {dark ages, reionisation, first stars, instrumentation: interferometers, radio continuum: general, radio lines: general, Sun: general},
     year = 2013,
    month = apr,
   volume = 30,
      eid = {e031},
    pages = {31},
      doi = {10.1017/pas.2013.009},
   adsurl = {http://adsabs.harvard.edu/abs/2013PASA...30...31B},
  adsnote = {Provided by the SAO/NASA Astrophysics Data System}
}

@ARTICLE{Valdes:2013,
   author = {{Vald{\'e}s}, M. and {Evoli}, C. and {Mesinger}, A. and {Ferrara}, A. and 
	{Yoshida}, N.},
    title = "{The nature of dark matter from the global high-redshift H I 21 cm signal}",
  journal = {\mnras},
archivePrefix = "arXiv",
   eprint = {1209.2120},
 primaryClass = "astro-ph.CO",
 keywords = {intergalactic medium, cosmology: theory, dark matter, diffuse radiation},
     year = 2013,
    month = feb,
   volume = 429,
    pages = {1705-1716},
      doi = {10.1093/mnras/sts458},
   adsurl = {http://adsabs.harvard.edu/abs/2013MNRAS.429.1705V},
  adsnote = {Provided by the SAO/NASA Astrophysics Data System}
}


@ARTICLE{Sitwell:2014,
   author = {{Sitwell}, M. and {Mesinger}, A. and {Ma}, Y.-Z. and {Sigurdson}, K.
	},
    title = "{The imprint of warm dark matter on the cosmological 21-cm signal}",
  journal = {\mnras},
archivePrefix = "arXiv",
   eprint = {1310.0029},
 keywords = {cosmology: theory, dark matter, large-scale structure of Universe},
     year = 2014,
    month = mar,
   volume = 438,
    pages = {2664-2671},
      doi = {10.1093/mnras/stt2392},
   adsurl = {http://adsabs.harvard.edu/abs/2014MNRAS.438.2664S},
  adsnote = {Provided by the SAO/NASA Astrophysics Data System}
}


@ARTICLE{Ord:2015,
   author = {{Ord}, S.~M. and {Crosse}, B. and {Emrich}, D. and {Pallot}, D. and 
	{Wayth}, R.~B. and {Clark}, M.~A. and {Tremblay}, S.~E. and 
	{Arcus}, W. and {Barnes}, D. and {Bell}, M. and {Bernardi}, G. and 
	{Bhat}, N.~D.~R. and {Bowman}, J.~D. and {Briggs}, F. and {Bunton}, J.~D. and 
	{Cappallo}, R.~J. and {Corey}, B.~E. and {Deshpande}, A.~A. and 
	{deSouza}, L. and {Ewell-Wice}, A. and {Feng}, L. and {Goeke}, R. and 
	{Greenhill}, L.~J. and {Hazelton}, B.~J. and {Herne}, D. and 
	{Hewitt}, J.~N. and {Hindson}, L. and {Hurley-Walker}, N. and 
	{Jacobs}, D. and {Johnston-Hollitt}, M. and {Kaplan}, D.~L. and 
	{Kasper}, J.~C. and {Kincaid}, B.~B. and {Koenig}, R. and {Kratzenberg}, E. and 
	{Kudryavtseva}, N. and {Lenc}, E. and {Lonsdale}, C.~J. and 
	{Lynch}, M.~J. and {McKinley}, B. and {McWhirter}, S.~R. and 
	{Mitchell}, D.~A. and {Morales}, M.~F. and {Morgan}, E. and 
	{Oberoi}, D. and {Offringa}, A. and {Pathikulangara}, J. and 
	{Pindor}, B. and {Prabu}, T. and {Procopio}, P. and {Remillard}, R.~A. and 
	{Riding}, J. and {Rogers}, A.~E.~E. and {Roshi}, A. and {Salah}, J.~E. and 
	{Sault}, R.~J. and {Udaya Shankar}, N. and {Srivani}, K.~S. and 
	{Stevens}, J. and {Subrahmanyan}, R. and {Tingay}, S.~J. and 
	{Waterson}, M. and {Webster}, R.~L. and {Whitney}, A.~R. and 
	{Williams}, A. and {Williams}, C.~L. and {Wyithe}, J.~S.~B.},
    title = "{The Murchison Widefield Array Correlator}",
  journal = {\pasa},
archivePrefix = "arXiv",
   eprint = {1501.05992},
 primaryClass = "astro-ph.IM",
 keywords = {instrumentation: interferometers, techniques: interferometric},
     year = 2015,
    month = mar,
   volume = 32,
      eid = {e006},
    pages = {6},
      doi = {10.1017/pasa.2015.5},
   adsurl = {http://adsabs.harvard.edu/abs/2015PASA...32....6O},
  adsnote = {Provided by the SAO/NASA Astrophysics Data System}
}



@ARTICLE{Lonsdale:2009,
   author = {{Lonsdale}, C.~J. and {Cappallo}, R.~J. and {Morales}, M.~F. and 
	{Briggs}, F.~H. and {Benkevitch}, L. and {Bowman}, J.~D. and 
	{Bunton}, J.~D. and {Burns}, S. and {Corey}, B.~E. and {Desouza}, L. and 
	{Doeleman}, S.~S. and {Derome}, M. and {Deshpande}, A. and {Gopala}, M.~R. and 
	{Greenhill}, L.~J. and {Herne}, D.~E. and {Hewitt}, J.~N. and 
	{Kamini}, P.~A. and {Kasper}, J.~C. and {Kincaid}, B.~B. and 
	{Kocz}, J. and {Kowald}, E. and {Kratzenberg}, E. and {Kumar}, D. and 
	{Lynch}, M.~J. and {Madhavi}, S. and {Matejek}, M. and {Mitchell}, D.~A. and 
	{Morgan}, E. and {Oberoi}, D. and {Ord}, S. and {Pathikulangara}, J. and 
	{Prabu}, T. and {Rogers}, A. and {Roshi}, A. and {Salah}, J.~E. and 
	{Sault}, R.~J. and {Shankar}, N.~U. and {Srivani}, K.~S. and 
	{Stevens}, J. and {Tingay}, S. and {Vaccarella}, A. and {Waterson}, M. and 
	{Wayth}, R.~B. and {Webster}, R.~L. and {Whitney}, A.~R. and 
	{Williams}, A. and {Williams}, C.},
    title = "{The Murchison Widefield Array: Design Overview}",
  journal = {IEEE Proceedings},
archivePrefix = "arXiv",
   eprint = {0903.1828},
 primaryClass = "astro-ph.IM",
     year = 2009,
    month = aug,
   volume = 97,
    pages = {1497-1506},
      doi = {10.1109/JPROC.2009.2017564},
   adsurl = {http://adsabs.harvard.edu/abs/2009IEEEP..97.1497L},
  adsnote = {Provided by the SAO/NASA Astrophysics Data System}
}



@ARTICLE{Wayth:2015,
   author = {{Wayth}, R.~B. and {Lenc}, E. and {Bell}, M.~E. and {Callingham}, J.~R. and 
	{Dwarakanath}, K.~S. and {Franzen}, T.~M.~O. and {For}, B.-Q. and 
	{Gaensler}, B. and {Hancock}, P. and {Hindson}, L. and {Hurley-Walker}, N. and 
	{Jackson}, C.~A. and {Johnston-Hollitt}, M. and {Kapi{\'n}ska}, A.~D. and 
	{McKinley}, B. and {Morgan}, J. and {Offringa}, A.~R. and {Procopio}, P. and 
	{Staveley-Smith}, L. and {Wu}, C. and {Zheng}, Q. and {Trott}, C.~M. and 
	{Bernardi}, G. and {Bowman}, J.~D. and {Briggs}, F. and {Cappallo}, R.~J. and 
	{Corey}, B.~E. and {Deshpande}, A.~A. and {Emrich}, D. and {Goeke}, R. and 
	{Greenhill}, L.~J. and {Hazelton}, B.~J. and {Kaplan}, D.~L. and 
	{Kasper}, J.~C. and {Kratzenberg}, E. and {Lonsdale}, C.~J. and 
	{Lynch}, M.~J. and {McWhirter}, S.~R. and {Mitchell}, D.~A. and 
	{Morales}, M.~F. and {Morgan}, E. and {Oberoi}, D. and {Ord}, S.~M. and 
	{Prabu}, T. and {Rogers}, A.~E.~E. and {Roshi}, A. and {Shankar}, N.~U. and 
	{Srivani}, K.~S. and {Subrahmanyan}, R. and {Tingay}, S.~J. and 
	{Waterson}, M. and {Webster}, R.~L. and {Whitney}, A.~R. and 
	{Williams}, A. and {Williams}, C.~L.},
    title = "{GLEAM: The GaLactic and Extragalactic All-Sky MWA Survey}",
  journal = {\pasa},
archivePrefix = "arXiv",
   eprint = {1505.06041},
 primaryClass = "astro-ph.IM",
 keywords = {Galaxy: general, radio continuum: general, radio lines: general, surveys},
     year = 2015,
    month = jun,
   volume = 32,
      eid = {e025},
    pages = {25},
      doi = {10.1017/pasa.2015.26},
   adsurl = {http://adsabs.harvard.edu/abs/2015PASA...32...25W},
  adsnote = {Provided by the SAO/NASA Astrophysics Data System}
}


@ARTICLE{Tremblay:2015,
   author = {{Tremblay}, S.~E. and {Ord}, S.~M. and {Bhat}, N.~D.~R. and 
	{Tingay}, S.~J. and {Crosse}, B. and {Pallot}, D. and {Oronsaye}, S.~I. and 
	{Bernardi}, G. and {Bowman}, J.~D. and {Briggs}, F. and {Cappallo}, R.~J. and 
	{Corey}, B.~E. and {Deshpande}, A.~A. and {Emrich}, D. and {Goeke}, R. and 
	{Greenhill}, L.~J. and {Hazelton}, B.~J. and {Johnston-Hollitt}, M. and 
	{Kaplan}, D.~L. and {Kasper}, J.~C. and {Kratzenberg}, E. and 
	{Lonsdale}, C.~J. and {Lynch}, M.~J. and {McWhirter}, S.~R. and 
	{Mitchell}, D.~A. and {Morales}, M.~F. and {Morgan}, E. and 
	{Oberoi}, D. and {Prabu}, T. and {Rogers}, A.~E.~E. and {Roshi}, A. and 
	{Udaya Shankar}, N. and {Srivani}, K.~S. and {Subrahmanyan}, R. and 
	{Waterson}, M. and {Wayth}, R.~B. and {Webster}, R.~L. and {Whitney}, A.~R. and 
	{Williams}, A. and {Williams}, C.~L.},
    title = "{The High Time and Frequency Resolution Capabilities of the Murchison Widefield Array}",
  journal = {\pasa},
archivePrefix = "arXiv",
   eprint = {1501.05723},
 primaryClass = "astro-ph.IM",
 keywords = {instrumentation: interferometers, pulsars: general, radio continuum: general, Sun: radio radiation, techniques: radar astronomy},
     year = 2015,
    month = feb,
   volume = 32,
      eid = {e005},
    pages = {5},
      doi = {10.1017/pasa.2015.6},
   adsurl = {http://adsabs.harvard.edu/abs/2015PASA...32....5T},
  adsnote = {Provided by the SAO/NASA Astrophysics Data System}
}


@ARTICLE{Tingay:2013b,
   author = {{Tingay}, S.~J. and {Oberoi}, D. and {Cairns}, I. and {Donea}, A. and 
	{Duffin}, R. and {Arcus}, W. and {Bernardi}, G. and {Bowman}, J.~D. and 
	{Briggs}, F. and {Bunton}, J.~D. and {Cappallo}, R.~J. and {Corey}, B.~E. and 
	{Deshpande}, A. and {deSouza}, L. and {Emrich}, D. and {Gaensler}, B.~M. and 
	{R}, G. and {Greenhill}, L.~J. and {Hazelton}, B.~J. and {Herne}, D. and 
	{Hewitt}, J.~N. and {Johnston-Hollitt}, M. and {Kaplan}, D.~L. and 
	{Kasper}, J.~C. and {Kennewell}, J.~A. and {Kincaid}, B.~B. and 
	{Koenig}, R. and {Kratzenberg}, E. and {Lonsdale}, C.~J. and 
	{Lynch}, M.~J. and {McWhirter}, S.~R. and {Mitchell}, D.~A. and 
	{Morales}, M.~F. and {Morgan}, E. and {Ord}, S.~M. and {Pathikulangara}, J. and 
	{Prabu}, T. and {Remillard}, R.~A. and {Rogers}, A.~E.~E. and 
	{Roshi}, A. and {Salah}, J.~E. and {Sault}, R.~J. and {Udaya-Shankar}, N. and 
	{Srivani}, K.~S. and {Stevens}, J. and {Subrahmanyan}, R. and 
	{Waterson}, M. and {Wayth}, R.~B. and {Webster}, R.~L. and {Whitney}, A.~R. and 
	{Williams}, A. and {Williams}, C.~L. and {Wyithe}, J.~S.~B.},
    title = "{The Murchison Widefield Array: solar science with the low frequency SKA Precursor}",
  journal = {Journal of Physics Conference Series},
archivePrefix = "arXiv",
   eprint = {1301.6414},
 primaryClass = "astro-ph.IM",
     year = 2013,
    month = jun,
   volume = 440,
   number = 1,
      eid = {012033},
    pages = {012033},
      doi = {10.1088/1742-6596/440/1/012033},
   adsurl = {http://adsabs.harvard.edu/abs/2013JPhCS.440a2033T},
  adsnote = {Provided by the SAO/NASA Astrophysics Data System}
}


@ARTICLE{Ade:2015,
   author = {{Planck Collaboration} and {Ade}, P.~A.~R. and {Aghanim}, N. and 
	{Arnaud}, M. and {Ashdown}, M. and {Aumont}, J. and {Baccigalupi}, C. and 
	{Banday}, A.~J. and {Barreiro}, R.~B. and {Bartlett}, J.~G. and et al.},
    title = "{Planck 2015 results. XIII. Cosmological parameters}",
  journal = {ArXiv e-prints},
archivePrefix = "arXiv",
   eprint = {1502.01589},
 keywords = {Astrophysics - Cosmology and Nongalactic Astrophysics},
     year = 2015,
    month = feb,
   adsurl = {http://adsabs.harvard.edu/abs/2015arXiv150201589P},
  adsnote = {Provided by the SAO/NASA Astrophysics Data System}
}


@ARTICLE{Robertson:2015,
   author = {{Robertson}, B.~E. and {Ellis}, R.~S. and {Furlanetto}, S.~R. and 
	{Dunlop}, J.~S.},
    title = "{Cosmic Reionization and Early Star-forming Galaxies: A Joint Analysis of New Constraints from Planck and the Hubble Space Telescope}",
  journal = {\apjl},
archivePrefix = "arXiv",
   eprint = {1502.02024},
 keywords = {galaxies: high-redshift},
     year = 2015,
    month = apr,
   volume = 802,
      eid = {L19},
    pages = {L19},
      doi = {10.1088/2041-8205/802/2/L19},
   adsurl = {http://adsabs.harvard.edu/abs/2015ApJ...802L..19R},
  adsnote = {Provided by the SAO/NASA Astrophysics Data System}
}


@ARTICLE{Haiman:1996b,
   author = {{Haiman}, Z. and {Thoul}, A.~A. and {Loeb}, A.},
    title = "{Cosmological Formation of Low-Mass Objects}",
  journal = {\apj},
   eprint = {astro-ph/9507111},
 keywords = {COSMOLOGY: THEORY, COSMOLOGY: EARLY UNIVERSE, GALAXIES: FORMATION, HYDRODYNAMICS},
     year = 1996,
    month = jun,
   volume = 464,
    pages = {523},
      doi = {10.1086/177343},
   adsurl = {http://adsabs.harvard.edu/abs/1996ApJ...464..523H},
  adsnote = {Provided by the SAO/NASA Astrophysics Data System}
}

@ARTICLE{Haiman:1997,
   author = {{Haiman}, Z. and {Rees}, M.~J. and {Loeb}, A.},
    title = "{Destruction of Molecular Hydrogen during Cosmological Reionization}",
  journal = {\apj},
   eprint = {astro-ph/9608130},
 keywords = {Cosmology: Theory, Cosmology: Early Universe, Galaxies: Formation, Molecular Processes, Radiative Transfer},
     year = 1997,
    month = feb,
   volume = 476,
    pages = {458-463},
   adsurl = {http://adsabs.harvard.edu/abs/1997ApJ...476..458H},
  adsnote = {Provided by the SAO/NASA Astrophysics Data System}
}

@ARTICLE{Tegmark:1997c,
   author = {{Tegmark}, M. and {Silk}, J. and {Rees}, M.~J. and {Blanchard}, A. and 
	{Abel}, T. and {Palla}, F.},
    title = "{How Small Were the First Cosmological Objects?}",
  journal = {\apj},
   eprint = {astro-ph/9603007},
 keywords = {COSMOLOGY: THEORY, COSMOLOGY: EARLY UNIVERSE, GALAXIES: FORMATION},
     year = 1997,
    month = jan,
   volume = 474,
    pages = {1},
      doi = {10.1086/303434},
   adsurl = {http://adsabs.harvard.edu/abs/1997ApJ...474....1T},
  adsnote = {Provided by the SAO/NASA Astrophysics Data System}
}

@ARTICLE{Haiman:1996a,
   author = {{Haiman}, Z. and {Thoul}, A.~A. and {Loeb}, A.},
    title = "{Cosmological Formation of Low-Mass Objects}",
  journal = {\apj},
   eprint = {astro-ph/9507111},
 keywords = {COSMOLOGY: THEORY, COSMOLOGY: EARLY UNIVERSE, GALAXIES: FORMATION, HYDRODYNAMICS},
     year = 1996,
    month = jun,
   volume = 464,
    pages = {523},
      doi = {10.1086/177343},
   adsurl = {http://adsabs.harvard.edu/abs/1996ApJ...464..523H},
  adsnote = {Provided by the SAO/NASA Astrophysics Data System}
}



@ARTICLE{Sobacchi:2014,
   author = {{Sobacchi}, E. and {Mesinger}, A.},
    title = "{Inhomogeneous recombinations during cosmic reionization}",
  journal = {\mnras},
archivePrefix = "arXiv",
   eprint = {1402.2298},
 keywords = {galaxies: formation, galaxies: high-redshift, intergalactic medium, cosmology: theory, dark ages, reionization, first stars, early Universe},
     year = 2014,
    month = may,
   volume = 440,
    pages = {1662-1673},
      doi = {10.1093/mnras/stu377},
   adsurl = {http://adsabs.harvard.edu/abs/2014MNRAS.440.1662S},
  adsnote = {Provided by the SAO/NASA Astrophysics Data System}
}

@ARTICLE{Mesinger:2008,
   author = {{Mesinger}, A. and {Dijkstra}, M.},
    title = "{Ultraviolet radiative feedback during the advanced stages of reionization}",
  journal = {\mnras},
archivePrefix = "arXiv",
   eprint = {0806.3090},
 keywords = {galaxies: evolution , galaxies: formation , galaxies: high-redshift , cosmology: theory , early Universe},
     year = 2008,
    month = nov,
   volume = 390,
    pages = {1071-1080},
      doi = {10.1111/j.1365-2966.2008.13776.x},
   adsurl = {http://adsabs.harvard.edu/abs/2008MNRAS.390.1071M},
  adsnote = {Provided by the SAO/NASA Astrophysics Data System}
}

@ARTICLE{Mesinger:2007,
   author = {{Mesinger}, A. and {Furlanetto}, S.},
    title = "{Efficient Simulations of Early Structure Formation and Reionization}",
  journal = {\apj},
archivePrefix = "arXiv",
   eprint = {0704.0946},
 keywords = {Cosmology: Theory, Cosmology: Early Universe, Galaxies: Evolution, Galaxies: Formation, Galaxies: High-Redshift},
     year = 2007,
    month = nov,
   volume = 669,
    pages = {663-675},
      doi = {10.1086/521806},
   adsurl = {http://adsabs.harvard.edu/abs/2007ApJ...669..663M},
  adsnote = {Provided by the SAO/NASA Astrophysics Data System}
}
@ARTICLE{Mesinger:2011,
   author = {{Mesinger}, A. and {Furlanetto}, S. and {Cen}, R.},
    title = "{21CMFAST: a fast, seminumerical simulation of the high-redshift 21-cm signal}",
  journal = {\mnras},
archivePrefix = "arXiv",
   eprint = {1003.3878},
 keywords = {methods: numerical, galaxies: high redshift, dark ages, reionization, first stars, diffuse radiation, early Universe, large-scale structure of Universe},
     year = 2011,
    month = feb,
   volume = 411,
    pages = {955-972},
      doi = {10.1111/j.1365-2966.2010.17731.x},
   adsurl = {http://adsabs.harvard.edu/abs/2011MNRAS.411..955M},
  adsnote = {Provided by the SAO/NASA Astrophysics Data System}
}


@ARTICLE{Furlanetto:2004,
   author = {{Furlanetto}, S.~R. and {Zaldarriaga}, M. and {Hernquist}, L.
	},
    title = "{The Growth of H II Regions During Reionization}",
  journal = {\apj},
   eprint = {astro-ph/0403697},
 keywords = {Cosmology: Theory, Cosmology: Diffuse Radiation, ISM: H II Regions, Galaxies: Intergalactic Medium},
     year = 2004,
    month = sep,
   volume = 613,
    pages = {1-15},
      doi = {10.1086/423025},
   adsurl = {http://adsabs.harvard.edu/abs/2004ApJ...613....1F},
  adsnote = {Provided by the SAO/NASA Astrophysics Data System}
}

@ARTICLE{Pritchard:2007,
   author = {{Pritchard}, J.~R. and {Furlanetto}, S.~R.},
    title = "{21-cm fluctuations from inhomogeneous X-ray heating before reionization}",
  journal = {\mnras},
   eprint = {astro-ph/0607234},
 keywords = {intergalactic medium , cosmology: theory , diffuse radiation , X-rays: diffuse background},
     year = 2007,
    month = apr,
   volume = 376,
    pages = {1680-1694},
      doi = {10.1111/j.1365-2966.2007.11519.x},
   adsurl = {http://adsabs.harvard.edu/abs/2007MNRAS.376.1680P},
  adsnote = {Provided by the SAO/NASA Astrophysics Data System}
}


@ARTICLE{Furlanetto:2006Global,
   author = {{Furlanetto}, S.~R.},
    title = "{The global 21-centimeter background from high redshifts}",
  journal = {\mnras},
   eprint = {astro-ph/0604040},
 keywords = {intergalactic medium: cosmology: theory: diffuse radiation, intergalactic medium, cosmology: theory, diffuse radiation},
     year = 2006,
    month = sep,
   volume = 371,
    pages = {867-878},
      doi = {10.1111/j.1365-2966.2006.10725.x},
   adsurl = {http://adsabs.harvard.edu/abs/2006MNRAS.371..867F},
  adsnote = {Provided by the SAO/NASA Astrophysics Data System}
}


@ARTICLE{Tegmark:1997d,
   author = {{Tegmark}, M. and {Taylor}, A.~N. and {Heavens}, A.~F.},
    title = "{Karhunen-Lo{\`e}ve Eigenvalue Problems in Cosmology: How Should We Tackle Large Data Sets?}",
  journal = {\apj},
   eprint = {astro-ph/9603021},
 keywords = {Cosmology: Cosmic Microwave Background, Cosmology: Theory, Cosmology: Large-Scale Structure of Universe, Methods: Data Analysis, Methods: Statistical},
     year = 1997,
    month = may,
   volume = 480,
    pages = {22-35},
   adsurl = {http://adsabs.harvard.edu/abs/1997ApJ...480...22T},
  adsnote = {Provided by the SAO/NASA Astrophysics Data System}
}



@ARTICLE{Bunn:1995,
   author = {{Bunn}, E.~F. and {Scott}, D. and {White}, M.},
    title = "{The COBE normalization for standard cold dark matter}",
  journal = {\apjl},
   eprint = {astro-ph/9409003},
 keywords = {Astronomical Models, Background Radiation, Big Bang Cosmology, Cosmic Rays, Dark Matter, Microwaves, Quadrupoles, Universe, Anisotropy, Cosmic Background Explorer Satellite, Hubble Constant, Multipolar Fields, Space Density, Spaceborne Astronomy, Temperature Distribution},
     year = 1995,
    month = mar,
   volume = 441,
    pages = {L9-L12},
      doi = {10.1086/187776},
   adsurl = {http://adsabs.harvard.edu/abs/1995ApJ...441L...9B},
  adsnote = {Provided by the SAO/NASA Astrophysics Data System}
}


@ARTICLE{Vogeley:1996,
   author = {{Vogeley}, M.~S. and {Szalay}, A.~S.},
    title = "{Eigenmode Analysis of Galaxy Redshift Surveys. I. Theory and Methods}",
  journal = {\apj},
   eprint = {astro-ph/9601185},
 keywords = {COSMOLOGY: OBSERVATIONS, GALAXIES: DISTANCES AND REDSHIFTS, COSMOLOGY: LARGE-SCALE STRUCTURE OF UNIVERSE, METHODS: STATISTICAL},
     year = 1996,
    month = jul,
   volume = 465,
    pages = {34},
      doi = {10.1086/177399},
   adsurl = {http://adsabs.harvard.edu/abs/1996ApJ...465...34V},
  adsnote = {Provided by the SAO/NASA Astrophysics Data System}
}


@ARTICLE{Tanaka:2015,
   author = {{Tanaka}, T.~L. and {O'Leary}, R.~M. and {Perna}, R.},
    title = "{The imprint of the cosmic supermassive black hole growth history on the 21 cm background radiation}",
  journal = {ArXiv e-prints},
archivePrefix = "arXiv",
   eprint = {1509.05406},
 keywords = {Astrophysics - Cosmology and Nongalactic Astrophysics, Astrophysics - Astrophysics of Galaxies},
     year = 2015,
    month = sep,
   adsurl = {http://adsabs.harvard.edu/abs/2015arXiv150905406T},
  adsnote = {Provided by the SAO/NASA Astrophysics Data System}
}


@ARTICLE{Beardsley:2015,
   author = {{Beardsley}, A.~P. and {Morales}, M.~F. and {Lidz}, A. and {Malloy}, M. and 
	{Sutter}, P.~M.},
    title = "{Adding Context to James Webb Space Telescope Surveys with Current and Future 21 cm Radio Observations}",
  journal = {\apj},
archivePrefix = "arXiv",
   eprint = {1410.5427},
 keywords = {cosmology: observations, dark ages, reionization, first stars, infrared: galaxies, radio lines: galaxies },
     year = 2015,
    month = feb,
   volume = 800,
      eid = {128},
    pages = {128},
      doi = {10.1088/0004-637X/800/2/128},
   adsurl = {http://adsabs.harvard.edu/abs/2015ApJ...800..128B},
  adsnote = {Provided by the SAO/NASA Astrophysics Data System}
}


@MISC{MassEd:Enrollment1,
 author={Mass-ESE},
  organization = {Massachusetts Dept. of Elementary and Secondary Education},
  title = {Boston Community Leadership Academy Enrollment Data},
  year = 2015,
  url = {http://profiles.doe.mass.edu/profiles/student.aspx?orgcode=00350558&orgtypecode=6&leftNavId=300&},
  }
  
  
  @MISC{MassEd:Enrollment,
  author={Mass-ESE},
  year=2015,
  title = {Boston Community Leadership Academy Enrollment Data},
  howpublished = {\url{http://profiles.doe.mass.edu/profiles/student.aspx?orgcode=00350558&orgtypecode=6&leftNavId=300&}},
  }

@MISC{MITES:Graduation,
author={MIT-OEOP},
organization={MIT Office of Education and Outreach Programs},
title={{Minority Introduction to Engineering and Science (MITES) Class of 2013 College Attendance}},
year=2013,
howpublished={\url{https://oeop.mit.edu/sites/default/files/images/L7%20-%202013_MITES_College_Matriculation.pdf}},
}


@ARTICLE{Zaldarriaga:2004,
   author = {{Zaldarriaga}, M. and {Furlanetto}, S.~R. and {Hernquist}, L.
	},
    title = "{21 Centimeter Fluctuations from Cosmic Gas at High Redshifts}",
  journal = {\apj},
   eprint = {astro-ph/0311514},
 keywords = {Cosmology: Theory, Cosmology: Diffuse Radiation, Galaxies: Intergalactic Medium},
     year = 2004,
    month = jun,
   volume = 608,
    pages = {622-635},
      doi = {10.1086/386327},
   adsurl = {http://adsabs.harvard.edu/abs/2004ApJ...608..622Z},
  adsnote = {Provided by the SAO/NASA Astrophysics Data System}
}


