@article{neben15,
   author = {{Neben}, A.~R. and {Bradley}, R.~F. and {Hewitt}, J.~N. and 
	{Bernardi}, G. and {Bowman}, J.~D. and {Briggs}, F. and {Cappallo}, R.~J. and 
	{Deshpande}, A.~A. and {Goeke}, R. and {Greenhill}, L.~J. and 
	{Hazelton}, B.~J. and {Johnston-Hollitt}, M. and {Kaplan}, D.~L. and 
	{Lonsdale}, C.~J. and {McWhirter}, S.~R. and {Mitchell}, D.~A. and 
	{Morales}, M.~F. and {Morgan}, E. and {Oberoi}, D. and {Ord}, S.~M. and 
	{Prabu}, T. and {Shankar}, N.~U. and {Srivani}, K.~S. and {Subrahmanyan}, R. and 
	{Tingay}, S.~J. and {Wayth}, R.~B. and {Webster}, R.~L. and 
	{Williams}, A. and {Williams}, C.~L.},
    title = "Measuring phased-array antenna beampatterns with high dynamic range for the Murchison Widefield Array using 137 MHz ORBCOMM satellites",
  journal = {Radio Science},
archivePrefix = "arXiv",
   eprint = {1505.07114},
 primaryClass = "astro-ph.IM",
 keywords = {antenna arrays, radio astronomy, antennas},
     year = "2015a",
    month = jul,
   volume = 50,
    pages = {614-629},
      doi = {10.1002/2015RS005678},
   adsurl = {http://adsabs.harvard.edu/abs/2015RaSc...50..614N},
  adsnote = {Provided by the SAO/NASA Astrophysics Data System}
}
@article{nithya15,
  author={Nithyanandan Thyagarajan and Daniel C. Jacobs and Judd D. Bowman and N. Barry and A. P. Beardsley and G. Bernardi and F.
Briggs and R. J. Cappallo and P. Carroll and B. E. Corey and A. de Oliveira-Costa and Joshua S. Dillon and D. Emrich and A.
Ewall-Wice and L. Feng and R. Goeke and L. J. Greenhill and B. J. Hazelton and J. N. Hewitt and N. Hurley-Walker and M.
Johnston-Hollitt and D. L. Kaplan and J. C. Kasper and Han-Seek Kim and P. Kittiwisit and E. Kratzenberg and E. Lenc and J.
Line and A. Loeb and C. J. Lonsdale and M. J. Lynch and B. McKinley and S. R. McWhirter and D. A. Mitchell and M. F. Morales and E.
Morgan and A. R. Neben and D. Oberoi and A. R. Offringa and S. M. Ord and Sourabh Paul and B. Pindor and J. C. Pober and T. Prabu and P.
Procopio and J. Riding and A. E. E. Rogers and A. Roshi and N. Udaya Shankar and Shiv K. Sethi and K. S. Srivani and R.
Subrahmanyan and I. S. Sullivan and M. Tegmark and S. J. Tingay and C. M. Trott and M. Waterson and R. B. Wayth and R. L.
Webster and A. R. Whitney and A. Williams and C. L. Williams and C. Wu and J. S. B. Wyithe},
  title={Foregrounds in Wide-field Redshifted 21 cm Power Spectra},
  journal={\apj},
  volume={804},
  number={1},
  pages={14},
  url={http://stacks.iop.org/0004-637X/804/i=1/a=14},
  year="2015a",
}
@ARTICLE{nithya15b,
   author = {{Thyagarajan}, N. and {Jacobs}, D.~C. and {Bowman}, J.~D. and 
	{Barry}, N. and {Beardsley}, A.~P. and {Bernardi}, G. and {Briggs}, F. and 
	{Cappallo}, R.~J. and {Carroll}, P. and {Deshpande}, A.~A. and 
	{de Oliveira-Costa}, A. and {Dillon}, J.~S. and {Ewall-Wice}, A. and 
	{Feng}, L. and {Greenhill}, L.~J. and {Hazelton}, B.~J. and 
	{Hernquist}, L. and {Hewitt}, J.~N. and {Hurley-Walker}, N. and 
	{Johnston-Hollitt}, M. and {Kaplan}, D.~L. and {Kim}, H.-S. and 
	{Kittiwisit}, P. and {Lenc}, E. and {Line}, J. and {Loeb}, A. and 
	{Lonsdale}, C.~J. and {McKinley}, B. and {McWhirter}, S.~R. and 
	{Mitchell}, D.~A. and {Morales}, M.~F. and {Morgan}, E. and 
	{Neben}, A.~R. and {Oberoi}, D. and {Offringa}, A.~R. and {Ord}, S.~M. and 
	{Paul}, S. and {Pindor}, B. and {Pober}, J.~C. and {Prabu}, T. and 
	{Procopio}, P. and {Riding}, J. and {Udaya Shankar}, N. and 
	{Sethi}, S.~K. and {Srivani}, K.~S. and {Subrahmanyan}, R. and 
	{Sullivan}, I.~S. and {Tegmark}, M. and {Tingay}, S.~J. and 
	{Trott}, C.~M. and {Wayth}, R.~B. and {Webster}, R.~L. and {Williams}, A. and 
	{Williams}, C.~L. and {Wyithe}, J.~S.~B.},
    title = "{Confirmation of Wide-field Signatures in Redshifted 21 cm Power Spectra}",
  journal = {\apj},
archivePrefix = "arXiv",
   eprint = {1506.06150},
 keywords = {cosmology: observations, dark ages, reionization, first stars, large-scale structure of universe, methods: statistical, radio continuum: galaxies, techniques: interferometric},
     year = "2015b",
    month = jul,
   volume = 807,
      eid = {L28},
    pages = {L28},
      doi = {10.1088/2041-8205/807/2/L28},
   adsurl = {http://adsabs.harvard.edu/abs/2015ApJ...807L..28T},
  adsnote = {Provided by the SAO/NASA Astrophysics Data System}
}
@article{zheng14,
author = {Zheng, H. and Tegmark, M. and Buza, V. and Dillon, J. S. and Gharibyan, H. and Hickish, J. and Kunz, E. and Liu, A. and Losh, J. and Lutomirski, A. and Morrison, S. and Narayanan, S. and Perko, A. and Rosner, D. and Sanchez, N. and Schutz, K. and Tribiano, S. M. and Valdez, M. and Yang, H. and Adami, K. Zarb and Zelko, I. and Zheng, K. and Armstrong, R. P. and Bradley, R. F. and Dexter, M. R. and Ewall-Wice, A. and Magro, A. and Matejek, M. and Morgan, E. and Neben, A. R. and Pan, Q. and Penna, R. F. and Peterson, C. M. and Su, M. and Villasenor, J. and Williams, C. L. and Zhu, Y.}, 
title = {MITEoR: a scalable interferometer for precision 21 cm cosmology},
volume = {445}, 
number = {2}, 
pages = {1084-1103}, 
year = {2014}, 
doi = {10.1093/mnras/stu1773}, 
URL = {http://mnras.oxfordjournals.org/content/445/2/1084.abstract}, 
eprint = {http://mnras.oxfordjournals.org/content/445/2/1084.full.pdf+html}, 
journal = {Monthly Notices of the Royal Astronomical Society} 
}
@ARTICLE{gsm,
   author = {{de Oliveira-Costa}, A. and {Tegmark}, M. and {Gaensler}, B.~M. and 
	{Jonas}, J. and {Landecker}, T.~L. and {Reich}, P.},
    title = "{A model of diffuse Galactic radio emission from 10 MHz to 100 GHz}",
  journal = {\mnras},
archivePrefix = "arXiv",
   eprint = {0802.1525},
 keywords = {methods: data analysis , astronomical data bases: miscellaneous , ISM: structure , diffuse radiation , radio continuum: ISM},
     year = 2008,
    month = jul,
   volume = 388,
    pages = {247-260},
      doi = {10.1111/j.1365-2966.2008.13376.x},
   adsurl = {http://adsabs.harvard.edu/abs/2008MNRAS.388..247D},
  adsnote = {Provided by the SAO/NASA Astrophysics Data System}
}
@ARTICLE{Slee1995,
   author = {{Slee}, O.~B.},
    title = "{Radio sources observed with the Culgoora circular array}",
  journal = {Australian Journal of Physics},
 keywords = {GALACTIC CLUSTERS, RADIO ASTRONOMY, RADIO OBSERVATION, RADIO SOURCES (ASTRONOMY), TABLES (DATA), ARRAYS, DATA REDUCTION, SKY SURVEYS (ASTRONOMY)},
     year = 1995,
   volume = 48,
    pages = {143-186},
   adsurl = {http://adsabs.harvard.edu/abs/1995AuJPh..48..143S},
  adsnote = {Provided by the SAO/NASA Astrophysics Data System}
}

@ARTICLE{MWACS,
   author = {{Hurley-Walker}, N. and {Morgan}, J. and {Wayth}, R.~B. and {Bell}, M. and {Bernardi}, G. and {Bhat}, R. and  Frank {Briggs}, F. and {Deshpande} A.~A. and {Ewall-Wice}, A. and {Feng}, L. and {Hazelton}, B. and {Hindson}, L. and {Jacobs}, D. and {Kaplan}, D. and {Kudryavtseva}, N. and {Lenc}, E. and {McKinley}, B. and {Mitchell}, D. and {Pindor}, B. and {Procopio}, P. and {Oberoi}, D. and {Offringa}, M. and {Ord}, S. and {Riding}, J. and {Bowman}, J. and {Cappallo}, R. and {Corey}, B. and {Emrich}, D. and {Gaensler}, B. and {Goeke}, R. and {Greenhill}, L. and {Hewitt}, J. and {Johnston-Hollitt}, M. and {Kasper}, J. and {Kratzenberg}, E. and {Lonsdale}, C. and {Lynch}, M. and {McWhirter}, R. and {Morales}, M. and {Morgan}, E. and {Prabu}, T. and {Rogers}, A. and {Roshi}, A. and {Shankar}, U. and {Srivani}, K. and {Subrahmanyan}, R. and {Tingay}, S. and {Waterson}, M. and {Webster}, R. and {Whitney}, A. and {Williams}, A. and {Williams}, C.},
    title = "{The Murchison Widefield Array Commissioning Survey: A Low-Frequency Catalogue of 14 110 Compact Radio Sources over 6 100 Square Degrees}",
  journal = "PASA",
archivePrefix = "arXiv",
   eprint = {1410.0790},
 primaryClass = "astro-ph.IM",
 keywords = {radio continuum: general, surveys, techniques: interferometric},
     year = 2014,
    month = nov,
   volume = 31,
      eid = {e045},
    pages = {45},
      doi = {10.1017/pasa.2014.40},
   adsurl = {http://adsabs.harvard.edu/abs/2014PASA...31...45H},
  adsnote = {Provided by the SAO/NASA Astrophysics Data System}
}



@ARTICLE{paper32,
   author = {{Parsons}, A.~R. and {Liu}, A. and {Aguirre}, J.~E. and {Ali}, Z.~S. and 
	{Bradley}, R.~F. and {Carilli}, C.~L. and {DeBoer}, D.~R. and 
	{Dexter}, M.~R. and {Gugliucci}, N.~E. and {Jacobs}, D.~C. and 
	{Klima}, P. and {MacMahon}, D.~H.~E. and {Manley}, J.~R. and 
	{Moore}, D.~F. and {Pober}, J.~C. and {Stefan}, I.~I. and {Walbrugh}, W.~P.
	},
    title = "{New Limits on 21 cm Epoch of Reionization from PAPER-32 Consistent with an X-Ray Heated Intergalactic Medium at z = 7.7}",
  journal = {\apj},
archivePrefix = "arXiv",
   eprint = {1304.4991},
 keywords = {cosmology: observations, dark ages, reionization, first stars, early universe, instrumentation: interferometers, intergalactic medium, radio continuum: general},
     year = 2014,
    month = jun,
   volume = 788,
      eid = {106},
    pages = {106},
      doi = {10.1088/0004-637X/788/2/106},
   adsurl = {http://adsabs.harvard.edu/abs/2014ApJ...788..106P},
  adsnote = {Provided by the SAO/NASA Astrophysics Data System}
}
@ARTICLE{paper64,
   author = {{Ali}, Z.~S. and {Parsons}, A.~R. and {Zheng}, H. and {Pober}, J.~C. and 
	{Liu}, A. and {Aguirre}, J.~E. and {Bradley}, R.~F. and {Bernardi}, G. and 
	{Carilli}, C.~L. and {Cheng}, C. and {DeBoer}, D.~R. and {Dexter}, M.~R. and 
	{Grobbelaar}, J. and {Horrell}, J. and {Jacobs}, D.~C. and {Klima}, P. and 
	{MacMahon}, D.~H.~E. and {Maree}, M. and {Moore}, D.~F. and 
	{Razavi}, N. and {Stefan}, I.~I. and {Walbrugh}, W.~P. and {Walker}, A.
	},
    title = "{PAPER-64 Constraints on Reionization: The 21 cm Power Spectrum at z = 8.4}",
  journal = {\apj},
archivePrefix = "arXiv",
   eprint = {1502.06016},
 keywords = {cosmology: observations, dark ages, reionization, first stars, early universe, instrumentation: interferometers, intergalactic medium},
     year = 2015,
    month = aug,
   volume = 809,
      eid = {61},
    pages = {61},
      doi = {10.1088/0004-637X/809/1/61},
   adsurl = {http://adsabs.harvard.edu/abs/2015ApJ...809...61A},
  adsnote = {Provided by the SAO/NASA Astrophysics Data System}
}
@ARTICLE{parsonsandbacker,
   author = {{Parsons}, A.~R. and {Backer}, D.~C.},
    title = "{Calibration of Low-Frequency, Wide-Field Radio Interferometers Using Delay/Delay-Rate Filtering}",
  journal = {\aj},
archivePrefix = "arXiv",
   eprint = {0901.2575},
 primaryClass = "astro-ph.IM",
 keywords = {instrumentation: interferometers, methods: data analysis, techniques: interferometric},
     year = 2009,
    month = jul,
   volume = 138,
    pages = {219-226},
      doi = {10.1088/0004-6256/138/1/219},
   adsurl = {http://adsabs.harvard.edu/abs/2009AJ....138..219P},
  adsnote = {Provided by the SAO/NASA Astrophysics Data System}
}

@ARTICLE{perbaselinetechnique,
   author = {{Parsons}, A.~R. and {Pober}, J.~C. and {Aguirre}, J.~E. and 
	{Carilli}, C.~L. and {Jacobs}, D.~C. and {Moore}, D.~F.},
    title = "{A Per-baseline, Delay-spectrum Technique for Accessing the 21 cm Cosmic Reionization Signature}",
  journal = {\apj},
archivePrefix = "arXiv",
   eprint = {1204.4749},
 primaryClass = "astro-ph.IM",
 keywords = {cosmology: observations, instrumentation: interferometers, radio continuum: general, site testing, techniques: interferometric, telescopes},
     year = 2012,
    month = sep,
   volume = 756,
      eid = {165},
    pages = {165},
      doi = {10.1088/0004-637X/756/2/165},
   adsurl = {http://adsabs.harvard.edu/abs/2012ApJ...756..165P},
  adsnote = {Provided by the SAO/NASA Astrophysics Data System}
}

@ARTICLE{21cmfast,
   author = {{Mesinger}, A. and {Furlanetto}, S. and {Cen}, R.},
    title = "{21CMFAST: a fast, seminumerical simulation of the high-redshift 21-cm signal}",
  journal = {\mnras},
archivePrefix = "arXiv",
   eprint = {1003.3878},
 keywords = {methods: numerical, galaxies: high redshift, dark ages, reionization, first stars, diffuse radiation, early Universe, large-scale structure of Universe},
     year = 2011,
    month = feb,
   volume = 411,
    pages = {955-972},
      doi = {10.1111/j.1365-2966.2010.17731.x},
   adsurl = {http://adsabs.harvard.edu/abs/2011MNRAS.411..955M},
  adsnote = {Provided by the SAO/NASA Astrophysics Data System}
}